3067 5342
477 768 823 841 LtaanVI.
1072 792 1174 877 147!

160 949 185 982 ‘⁶
204 939 365 1037 psoseslo
377 942 432 1017 his
442 943 492 1019 ibi
507 967 622 1021 truces
633 946 818 1021 Gallorum
830 944 1029 1042 sonumque
1041 944 1139 1020 vocis

158 1070 184 1101 “
204 1060 243 1132 in
260 1062 373 1136 oculis
389 1086 496 1162 atque
513 1064 551 1138 in
567 1064 710 1140 auribus
725 1064 833 1139 fore.''
873 1050 961 1139 ¹Has
976 1064 1138 1141 inanium

156 1174 275 1253 rerum
301 1180 422 1257 inanes
443 1183 531 1283 ipsas
555 1186 735 1259 volventes
757 1184 1000 1283 cogitationes,
1026 1184 1137 1260 sortu-

156 1325 223 1373 nae
237 1300 316 1375 'loci
337 1303 580 1402 delegaverant
599 1304 673 1403 spes
693 1303 779 1378 suas.
830 1306 986 1380 Romani
1004 1328 1137 1394 contra,

157 1431 182 1464 “
203 1422 440 1522 Ubicumque
453 1427 535 1498 effet
551 1424 702 1499 Latinus
714 1424 836 1512 hostis,
853 1423 930 1499 satis
941 1424 1038 1513 scire,
1052 1452 1136 1499 eum

158 1550 184 1583 “
203 1542 284 1631 effe,
327 1569 451 1641 quem,
489 1546 535 1619 ad
566 1544 753 1645 Regillum
788 1546 905 1619 lacum
938 1546 1134 1633 devictum,

157 1672 183 1705 ‘⁶
202 1684 349 1737 centum
365 1690 539 1739 annorum
556 1690 640 1763 pace
653 1663 810 1739 obnoxia
822 1664 1009 1739 tenuerint.
1060 1668 1134 1739 Lo·

157 1791 183 1824 “
202 1808 302 1871 cum,
349 1781 520 1883 insignem
548 1784 719 1857 memoria
750 1785 873 1873 cladis,
918 1784 1134 1859 irritaturum

158 1911 184 1944 “
202 1900 236 1975 se
264 1902 384 2001 potius
415 1904 461 1977 ad
488 1904 677 1978 delendam
705 1904 914 1979 memoriam
938 1905 1134 1991 dedecoris,

157 2031 184 2064 “
203 2047 311 2120 quam
327 2043 370 2096 ut
383 2021 548 2097 timorem
563 2022 679 2111 saciat,
709 2050 753 2097 ne
766 2048 840 2120 qua
851 2043 940 2097 terra
951 2026 990 2097 fit
1005 2022 1137 2099 nefasta

156 2151 183 2183 “
199 2140 366 2215 victoriae
388 2140 481 2215 suae.
530 2140 632 2243 Qtin
649 2141 709 2240 ipfi
736 2142 799 2217 fibi
820 2142 955 2217 Gallis
973 2142 1134 2219 obseran-

155 2270 182 2303 “
201 2282 258 2333 tur
269 2260 332 2333 illo
347 2262 442 2349 loco,
468 2259 500 2334 se
514 2260 563 2334 ita
574 2283 804 2361 pugnaturos,
828 2283 871 2336 ut
886 2264 1026 2337 Romae
1043 2291 1134 2365 pug-

157 2389 183 2423 “
201 2380 360 2455 naverint
374 2380 411 2453 in
429 2381 619 2478 repetenda
639 2380 762 2479 patria,
789 2402 831 2455 ut
846 2382 984 2479 postero
1008 2382 1066 2457 die
1089 2384 1134 2457 ad

155 2510 181 2542 ‘⁴
198 2499 334 2573 Gabios
341 2534 353 2587 3
381 2522 482 2588 tunc,
506 2525 622 2599 quum
639 2500 830 2588 effecerint,
859 2527 903 2574 ne
920 2502 1132 2600 quishostis,

156 2629 181 2662 ‘⁶
200 2618 264 2717 qui
282 2618 424 2693 moenia
440 2621 606 2693 Romana
622 2618 786 2707 intrasset,
817 2620 992 2695 nuncium
1010 2621 1131 2697 secun-

155 2750 181 2783 “
198 2742 264 2813 dae
278 2737 509 2836 adversaeque
525 2736 685 2813 fortunae
702 2741 854 2813 domum
871 2740 1068 2838 persenet.’'

204 2861 347 2933 XXIX.
378 2858 450 2932 His
467 2857 650 2956 utrimque
671 2857 799 2933 animis
822 2861 868 2933 ad
888 2858 1022 2933 Alliam
1048 2886 1132 2934 ven·

154 2999 231 3052 tum
249 2978 310 3052 est.
360 2978 524 3051 Dislator
545 2979 747 3065 Romanus,
778 2977 966 3077 postquam
993 2977 1132 3055 incon-

153 3096 272 3194 spestu
287 3096 402 3171 hostes
416 3115 514 3171 erant
528 3096 688 3171 instrusli
704 3096 913 3195 intentique,
940 3098 1132 3175 “Videsne

151 3228 177 3261 ‘⁶
195 3221 272 3305 tu,'’
303 3215 436 3313 inquit,
467 3227 493 3260 “
512 3221 559 3291 A.
577 3216 776 3314 Semproni,
809 3216 878 3291 loci
896 3216 1037 3293 fortuna
1053 3220 1132 3294 illos

152 3335 301 3411 “fretos
329 3340 376 3412 ad
401 3336 534 3411 Alliam
551 3335 760 3411 constitisse?
791 3362 858 3410 nec
884 3336 953 3411 illis
982 3336 1045 3413 Dii
1077 3338 1130 3412 in-

152 3466 178 3499 “
195 3458 360 3531 mortales
376 3456 533 3531 certioris
557 3454 760 3553 quidquam
778 3456 944 3545 fiduciae,
979 3458 1132 3555 majoris-

153 3585 177 3619 “
193 3604 237 3651 ve
260 3579 363 3675 quod
392 3580 432 3651 sit
457 3574 595 3664 auxilii,
630 3574 805 3649 dederint.
855 3582 906 3649 At
928 3600 983 3666 tu,
1022 3578 1130 3654 fretus

152 3706 176 3741 “
193 3696 298 3771 amis
314 3695 524 3796 animisque,
556 3693 740 3771 concitatis
756 3695 858 3795 equis
871 3697 998 3773 invade
1015 3698 1129 3773 medi-

155 3826 253 3891 “am
282 3816 414 3892 aciem:
455 3844 524 3917 ego
557 3843 643 3891 cum
672 3815 876 3915 legionibus
905 3816 944 3889 in
971 3821 1129 3892 turbatos

156 3936 477 4036 “trepidantesque
508 3935 656 4010 inseram
696 3941 801 4036 signa.
867 3935 1014 4023 Adeste,
1065 3935 1129 4011 Dii

157 4065 180 4101 ‘⁶
195 4058 294 4133 testes
324 4054 490 4143 foederis,
518 4056 728 4154 &expetite
752 4082 896 4153 poenas,
928 4055 1064 4130 debitas
1089 4060 1127 4131 ss-

158 4183 181 4220 “
196 4178 270 4251 mul
285 4174 388 4252 vobis
413 4174 565 4263 violatis,
595 4173 767 4273 nobisque
788 4202 850 4274 per
879 4177 1033 4250 vestrum
1061 4200 1127 4249 nu-
