<?xml version="1.0" encoding="UTF-8"?>
<!DOCTYPE html PUBLIC "-//W3C//DTD XHTML 1.0 Transitional//EN"
    "http://www.w3.org/TR/xhtml1/DTD/xhtml1-transitional.dtd">
<html xmlns="http://www.w3.org/1999/xhtml" xml:lang="en" lang="en">
 <head>
  <title>
</title>
<meta http-equiv="Content-Type" content="text/html;charset=utf-8" />
  <meta name='ocr-system' content='tesseract 3.04.00' />
  <meta name='ocr-capabilities' content='ocr_page ocr_carea ocr_par ocr_line ocrx_word'/>
</head>
<body>
  <div class='ocr_page' id='page_1' title='image "./tliviipatavinih00homegoog_0030.png"; bbox 0 0 3067 5342; ppageno 0'>
   <div class='ocr_carea' id='block_1_1' title="bbox 375 747 1023 822">
    <p class='ocr_par' dir='ltr' id='par_1_1' title="bbox 375 747 1023 822">
     <span class='ocr_line' id='line_1_1' title="bbox 375 747 1023 822; baseline -0.003 0"><span class='ocrx_word' id='word_1_1' title='bbox 375 773 420 822; x_wconf 86' lang='lat'>22</span> <span class='ocrx_word' id='word_1_2' title='bbox 708 747 1023 821; x_wconf 82' lang='lat' dir='ltr'>T.L1vtt</span> 
     </span>
    </p>
   </div>
   <div class='ocr_carea' id='block_1_2' title="bbox 377 918 1366 4269">
    <p class='ocr_par' dir='ltr' id='par_1_2' title="bbox 377 918 1366 4269">
     <span class='ocr_line' id='line_1_2' title="bbox 378 918 1356 1020; baseline -0.001 -23"><span class='ocrx_word' id='word_1_3' title='bbox 378 920 580 1020; x_wconf 85' lang='lat' dir='ltr'>conscripti,</span> <span class='ocrx_word' id='word_1_4' title='bbox 606 922 665 996; x_wconf 91' lang='lat' dir='ltr'>sed</span> <span class='ocrx_word' id='word_1_5' title='bbox 679 920 828 998; x_wconf 87' lang='lat' dir='ltr'>seniores</span> <span class='ocrx_word' id='word_1_6' title='bbox 844 921 950 996; x_wconf 85' lang='lat' dir='ltr'>etiam</span> <span class='ocrx_word' id='word_1_7' title='bbox 967 918 1080 996; x_wconf 68' lang='lat' dir='ltr'>coedi</span> <span class='ocrx_word' id='word_1_8' title='bbox 1097 921 1244 996; x_wconf 84' lang='lat' dir='ltr'>nomina</span> <span class='ocrx_word' id='word_1_9' title='bbox 1259 922 1356 1010; x_wconf 90' lang='lat' dir='ltr'>dare,</span> 
     </span>
     <span class='ocr_line' id='line_1_3' title="bbox 377 1042 1357 1142; baseline 0 -26"><span class='ocrx_word' id='word_1_10' title='bbox 377 1065 419 1117; x_wconf 92' lang='lat' dir='ltr'>ut</span> <span class='ocrx_word' id='word_1_11' title='bbox 449 1042 546 1118; x_wconf 88' lang='lat' dir='ltr'>urbis</span> <span class='ocrx_word' id='word_1_12' title='bbox 578 1042 776 1117; x_wconf 84' lang='lat' dir='ltr'>custodiam</span> <span class='ocrx_word' id='word_1_13' title='bbox 804 1064 957 1141; x_wconf 87' lang='lat' dir='ltr'>agerent.</span> <span class='ocrx_word' id='word_1_14' title='bbox 1019 1047 1207 1142; x_wconf 79' lang='lat' dir='ltr'>Qantum</span> <span class='ocrx_word' id='word_1_15' title='bbox 1235 1065 1357 1117; x_wconf 90' lang='lat' dir='ltr'>autem</span> 
     </span>
     <span class='ocr_line' id='line_1_4' title="bbox 378 1161 1358 1264; baseline -0.001 -26"><span class='ocrx_word' id='word_1_16' title='bbox 378 1167 573 1264; x_wconf 82' lang='lat' dir='ltr'>augebatur</span> <span class='ocrx_word' id='word_1_17' title='bbox 589 1161 745 1238; x_wconf 90' lang='lat' dir='ltr'>militum</span> <span class='ocrx_word' id='word_1_18' title='bbox 763 1189 945 1251; x_wconf 90' lang='lat' dir='ltr'>numerus,</span> <span class='ocrx_word' id='word_1_19' title='bbox 969 1184 1068 1236; x_wconf 85' lang='lat' dir='ltr'>tanto</span> <span class='ocrx_word' id='word_1_20' title='bbox 1097 1163 1227 1258; x_wconf 89' lang='lat' dir='ltr'>majore</span> <span class='ocrx_word' id='word_1_21' title='bbox 1248 1189 1358 1261; x_wconf 88' lang='lat' dir='ltr'>pecu-</span> 
     </span>
     <span class='ocr_line' id='line_1_5' title="bbox 380 1281 1358 1382; baseline -0.003 -23"><span class='ocrx_word' id='word_1_22' title='bbox 380 1285 438 1359; x_wconf 88' lang='lat' dir='ltr'>nia</span> <span class='ocrx_word' id='word_1_23' title='bbox 455 1285 491 1358; x_wconf 93' lang='lat' dir='ltr'>in</span> <span class='ocrx_word' id='word_1_24' title='bbox 516 1283 730 1382; x_wconf 88' lang='lat' dir='ltr'>stipendium</span> <span class='ocrx_word' id='word_1_25' title='bbox 757 1310 847 1382; x_wconf 87' lang='lat' dir='ltr'>opus</span> <span class='ocrx_word' id='word_1_26' title='bbox 864 1305 958 1358; x_wconf 85' lang='lat' dir='ltr'>erat:</span> <span class='ocrx_word' id='word_1_27' title='bbox 990 1308 1103 1379; x_wconf 88' lang='lat' dir='ltr'>eaque</span> <span class='ocrx_word' id='word_1_28' title='bbox 1120 1281 1255 1358; x_wconf 90' lang='lat' dir='ltr'>tributo</span> <span class='ocrx_word' id='word_1_29' title='bbox 1270 1309 1358 1357; x_wconf 88' lang='lat' dir='ltr'>con-</span> 
     </span>
     <span class='ocr_line' id='line_1_6' title="bbox 378 1401 1359 1501; baseline -0.002 -22"><span class='ocrx_word' id='word_1_30' title='bbox 378 1405 566 1491; x_wconf 81' lang='lat' dir='ltr'>ferebatur,</span> <span class='ocrx_word' id='word_1_31' title='bbox 592 1403 711 1478; x_wconf 90' lang='lat' dir='ltr'>invitis</span> <span class='ocrx_word' id='word_1_32' title='bbox 728 1402 1004 1490; x_wconf 89' lang='lat' dir='ltr'>conferentibus,</span> <span class='ocrx_word' id='word_1_33' title='bbox 1030 1401 1094 1501; x_wconf 93' lang='lat' dir='ltr'>qui</span> <span class='ocrx_word' id='word_1_34' title='bbox 1120 1403 1220 1477; x_wconf 89' lang='lat' dir='ltr'>domi</span> <span class='ocrx_word' id='word_1_35' title='bbox 1246 1429 1359 1477; x_wconf 83' lang='lat' dir='ltr'>renta-</span> 
     </span>
     <span class='ocr_line' id='line_1_7' title="bbox 379 1523 1359 1624; baseline -0.002 -26"><span class='ocrx_word' id='word_1_36' title='bbox 379 1527 523 1612; x_wconf 88' lang='lat' dir='ltr'>nebant,</span> <span class='ocrx_word' id='word_1_37' title='bbox 565 1523 651 1624; x_wconf 91' lang='lat' dir='ltr'>quia</span> <span class='ocrx_word' id='word_1_38' title='bbox 689 1523 871 1598; x_wconf 87' lang='lat' dir='ltr'>tuentibus</span> <span class='ocrx_word' id='word_1_39' title='bbox 910 1525 1037 1599; x_wconf 89' lang='lat' dir='ltr'>urbem</span> <span class='ocrx_word' id='word_1_40' title='bbox 1071 1550 1177 1622; x_wconf 84' lang='lat' dir='ltr'>opera</span> <span class='ocrx_word' id='word_1_41' title='bbox 1209 1547 1359 1622; x_wconf 87' lang='lat' dir='ltr'>quoque</span> 
     </span>
     <span class='ocr_line' id='line_1_8' title="bbox 381 1641 1359 1742; baseline -0.002 -24"><span class='ocrx_word' id='word_1_42' title='bbox 381 1643 522 1718; x_wconf 90' lang='lat' dir='ltr'>militari</span> <span class='ocrx_word' id='word_1_43' title='bbox 547 1646 795 1731; x_wconf 83' lang='lat' dir='ltr'>laborandum,</span> <span class='ocrx_word' id='word_1_44' title='bbox 821 1641 1117 1742; x_wconf 87' lang='lat' dir='ltr'>serviendumque</span> <span class='ocrx_word' id='word_1_45' title='bbox 1141 1641 1359 1740; x_wconf 89' lang='lat' dir='ltr'>reipublicae</span> 
     </span>
     <span class='ocr_line' id='line_1_9' title="bbox 379 1763 1359 1864; baseline -0.004 -24"><span class='ocrx_word' id='word_1_46' title='bbox 379 1788 460 1840; x_wconf 85' lang='lat' dir='ltr'>erat.</span> <span class='ocrx_word' id='word_1_47' title='bbox 512 1767 614 1840; x_wconf 89' lang='lat' dir='ltr'>Haec</span> <span class='ocrx_word' id='word_1_48' title='bbox 632 1791 693 1864; x_wconf 89' lang='lat' dir='ltr'>per</span> <span class='ocrx_word' id='word_1_49' title='bbox 713 1764 745 1838; x_wconf 92' lang='lat' dir='ltr'>se</span> <span class='ocrx_word' id='word_1_50' title='bbox 763 1763 893 1863; x_wconf 81' lang='lat' dir='ltr'>gravia,</span> <span class='ocrx_word' id='word_1_51' title='bbox 922 1763 1124 1864; x_wconf 80' lang='lat' dir='ltr'>indigniora</span> <span class='ocrx_word' id='word_1_52' title='bbox 1138 1786 1180 1837; x_wconf 93' lang='lat' dir='ltr'>ut</span> <span class='ocrx_word' id='word_1_53' title='bbox 1196 1764 1359 1837; x_wconf 89' lang='lat' dir='ltr'>videren-</span> 
     </span>
     <span class='ocr_line' id='line_1_10' title="bbox 379 1882 1360 1984; baseline -0.002 -23"><span class='ocrx_word' id='word_1_54' title='bbox 379 1907 449 1975; x_wconf 87' lang='lat' dir='ltr'>tur,</span> <span class='ocrx_word' id='word_1_55' title='bbox 475 1884 610 1960; x_wconf 88' lang='lat' dir='ltr'>ttibuni</span> <span class='ocrx_word' id='word_1_56' title='bbox 644 1884 756 1984; x_wconf 90' lang='lat' dir='ltr'>plebis</span> <span class='ocrx_word' id='word_1_57' title='bbox 790 1883 955 1958; x_wconf 77' lang='lat' dir='ltr'>seditiosis</span> <span class='ocrx_word' id='word_1_58' title='bbox 987 1883 1222 1961; x_wconf 87' lang='lat' dir='ltr'>concionibus</span> <span class='ocrx_word' id='word_1_59' title='bbox 1252 1882 1360 1959; x_wconf 81' lang='lat' dir='ltr'>facie·</span> 
     </span>
     <span class='ocr_line' id='line_1_11' title="bbox 380 2003 1360 2094; baseline -0.003 -13"><span class='ocrx_word' id='word_1_60' title='bbox 380 2011 483 2094; x_wconf 82' lang='lat' dir='ltr'>bant3</span> <span class='ocrx_word' id='word_1_61' title='bbox 518 2017 543 2050; x_wconf 91' lang='lat'><strong>“</strong></span> <span class='ocrx_word' id='word_1_62' title='bbox 569 2005 651 2079; x_wconf 88' lang='lat' dir='ltr'>ideo</span> <span class='ocrx_word' id='word_1_63' title='bbox 678 2031 755 2078; x_wconf 88' lang='lat' dir='ltr'>aera</span> <span class='ocrx_word' id='word_1_64' title='bbox 782 2003 958 2080; x_wconf 88' lang='lat' dir='ltr'>militibus</span> <span class='ocrx_word' id='word_1_65' title='bbox 973 2003 1164 2079; x_wconf 89' lang='lat' dir='ltr'>constituta</span> <span class='ocrx_word' id='word_1_66' title='bbox 1195 2006 1285 2079; x_wconf 83' lang='lat' dir='ltr'>effe&#39;&#39;</span> <span class='ocrx_word' id='word_1_67' title='bbox 1305 2031 1360 2078; x_wconf 87' lang='lat' dir='ltr'>at·</span> 
     </span>
     <span class='ocr_line' id='line_1_12' title="bbox 380 2123 1359 2225; baseline 0.001 -26"><span class='ocrx_word' id='word_1_68' title='bbox 380 2127 538 2225; x_wconf 89' lang='lat' dir='ltr'>guendo‚</span> <span class='ocrx_word' id='word_1_69' title='bbox 565 2135 590 2168; x_wconf 88' lang='lat'><strong>“</strong></span> <span class='ocrx_word' id='word_1_70' title='bbox 609 2145 650 2198; x_wconf 89' lang='lat' dir='ltr'>ut</span> <span class='ocrx_word' id='word_1_71' title='bbox 679 2124 792 2222; x_wconf 90' lang='lat' dir='ltr'>plebis</span> <span class='ocrx_word' id='word_1_72' title='bbox 813 2147 948 2223; x_wconf 84' lang='lat' dir='ltr'>partem</span> <span class='ocrx_word' id='word_1_73' title='bbox 974 2123 1114 2214; x_wconf 88' lang='lat' dir='ltr'>militia,</span> <span class='ocrx_word' id='word_1_74' title='bbox 1140 2147 1275 2223; x_wconf 87' lang='lat' dir='ltr'>partem</span> <span class='ocrx_word' id='word_1_75' title='bbox 1297 2125 1359 2199; x_wconf 91' lang='lat' dir='ltr'>tri-</span> 
     </span>
     <span class='ocr_line' id='line_1_13' title="bbox 381 2245 1361 2342; baseline 0.002 -23"><span class='ocrx_word' id='word_1_76' title='bbox 381 2258 406 2290; x_wconf 88' lang='lat'>“</span> <span class='ocrx_word' id='word_1_77' title='bbox 426 2249 514 2320; x_wconf 92' lang='lat' dir='ltr'>buto</span> <span class='ocrx_word' id='word_1_78' title='bbox 540 2245 763 2318; x_wconf 88' lang='lat' dir='ltr'>conficerent.</span> <span class='ocrx_word' id='word_1_79' title='bbox 814 2247 944 2319; x_wconf 90' lang='lat' dir='ltr'>Unum</span> <span class='ocrx_word' id='word_1_80' title='bbox 966 2247 1102 2320; x_wconf 88' lang='lat' dir='ltr'>bellum</span> <span class='ocrx_word' id='word_1_81' title='bbox 1128 2273 1264 2320; x_wconf 89' lang='lat' dir='ltr'>annum</span> <span class='ocrx_word' id='word_1_82' title='bbox 1282 2247 1361 2342; x_wconf 79' lang='lat' dir='ltr'>jant</span> 
     </span>
     <span class='ocr_line' id='line_1_14' title="bbox 380 2364 1361 2466; baseline 0.002 -28"><span class='ocrx_word' id='word_1_83' title='bbox 380 2364 569 2440; x_wconf 87' lang='lat' dir='ltr'>“tertium</span> <span class='ocrx_word' id='word_1_84' title='bbox 599 2364 711 2453; x_wconf 85' lang='lat' dir='ltr'>trahi,¹</span> <span class='ocrx_word' id='word_1_85' title='bbox 732 2369 767 2440; x_wconf 74' lang='lat' dir='ltr'>dc</span> <span class='ocrx_word' id='word_1_86' title='bbox 791 2365 951 2440; x_wconf 92' lang='lat' dir='ltr'>consulto</span> <span class='ocrx_word' id='word_1_87' title='bbox 972 2368 1064 2440; x_wconf 81' lang='lat' dir='ltr'>male</span> <span class='ocrx_word' id='word_1_88' title='bbox 1094 2367 1182 2466; x_wconf 88' lang='lat' dir='ltr'>geri,</span> <span class='ocrx_word' id='word_1_89' title='bbox 1209 2387 1251 2439; x_wconf 90' lang='lat' dir='ltr'>ut</span> <span class='ocrx_word' id='word_1_90' title='bbox 1276 2366 1361 2440; x_wconf 82' lang='lat' dir='ltr'>diu·</span> 
     </span>
     <span class='ocr_line' id='line_1_15' title="bbox 381 2485 1361 2584; baseline 0.002 -24"><span class='ocrx_word' id='word_1_91' title='bbox 381 2485 495 2560; x_wconf 90' lang='lat' dir='ltr'>“tius</span> <span class='ocrx_word' id='word_1_92' title='bbox 524 2506 655 2584; x_wconf 85' lang='lat' dir='ltr'>gerant.</span> <span class='ocrx_word' id='word_1_93' title='bbox 705 2487 747 2558; x_wconf 90' lang='lat' dir='ltr'>In</span> <span class='ocrx_word' id='word_1_94' title='bbox 770 2507 924 2582; x_wconf 87' lang='lat' dir='ltr'>quatuor</span> <span class='ocrx_word' id='word_1_95' title='bbox 945 2485 1075 2561; x_wconf 89' lang='lat' dir='ltr'>deinde</span> <span class='ocrx_word' id='word_1_96' title='bbox 1099 2489 1191 2562; x_wconf 92' lang='lat' dir='ltr'>bella</span> <span class='ocrx_word' id='word_1_97' title='bbox 1205 2514 1281 2562; x_wconf 92' lang='lat' dir='ltr'>uno</span> <span class='ocrx_word' id='word_1_98' title='bbox 1297 2490 1361 2562; x_wconf 89' lang='lat' dir='ltr'>de·</span> 
     </span>
     <span class='ocr_line' id='line_1_16' title="bbox 382 2604 1360 2707; baseline 0.005 -28"><span class='ocrx_word' id='word_1_99' title='bbox 382 2619 407 2650; x_wconf 90' lang='lat'><strong>“</strong></span> <span class='ocrx_word' id='word_1_100' title='bbox 426 2607 519 2680; x_wconf 72' lang='lat' dir='ltr'>ledo</span> <span class='ocrx_word' id='word_1_101' title='bbox 543 2604 716 2680; x_wconf 86' lang='lat' dir='ltr'>exercitus</span> <span class='ocrx_word' id='word_1_102' title='bbox 738 2604 896 2704; x_wconf 89' lang='lat' dir='ltr'>scriptos,</span> <span class='ocrx_word' id='word_1_103' title='bbox 928 2611 961 2680; x_wconf 77' lang='grc' dir='ltr'>δι</span> <span class='ocrx_word' id='word_1_104' title='bbox 996 2632 1123 2704; x_wconf 88' lang='lat' dir='ltr'>pueros</span> <span class='ocrx_word' id='word_1_105' title='bbox 1145 2633 1293 2707; x_wconf 90' lang='lat' dir='ltr'>quoque</span> <span class='ocrx_word' id='word_1_106' title='bbox 1318 2635 1360 2684; x_wconf 87' lang='lat' dir='ltr'>ac</span> 
     </span>
     <span class='ocr_line' id='line_1_17' title="bbox 380 2727 1361 2820; baseline 0.003 -20"><span class='ocrx_word' id='word_1_107' title='bbox 380 2727 519 2800; x_wconf 89' lang='lat' dir='ltr'>“senes</span> <span class='ocrx_word' id='word_1_108' title='bbox 542 2729 723 2800; x_wconf 69' lang='lat' dir='ltr'>extrastos.</span> <span class='ocrx_word' id='word_1_109' title='bbox 774 2728 855 2820; x_wconf 90' lang='lat' dir='ltr'>Jatn</span> <span class='ocrx_word' id='word_1_110' title='bbox 878 2753 951 2800; x_wconf 94' lang='lat' dir='ltr'>non</span> <span class='ocrx_word' id='word_1_111' title='bbox 976 2727 1112 2802; x_wconf 79' lang='lat' dir='ltr'>aestatis</span> <span class='ocrx_word' id='word_1_112' title='bbox 1139 2755 1205 2803; x_wconf 89' lang='lat' dir='ltr'>nec</span> <span class='ocrx_word' id='word_1_113' title='bbox 1231 2728 1361 2803; x_wconf 89' lang='lat' dir='ltr'>hiemis</span> 
     </span>
     <span class='ocr_line' id='line_1_18' title="bbox 380 2846 1359 2947; baseline 0.003 -27"><span class='ocrx_word' id='word_1_114' title='bbox 380 2857 406 2891; x_wconf 92' lang='lat'><strong>“</strong></span> <span class='ocrx_word' id='word_1_115' title='bbox 425 2846 613 2921; x_wconf 90' lang='lat' dir='ltr'>discrimen</span> <span class='ocrx_word' id='word_1_116' title='bbox 640 2849 720 2934; x_wconf 86' lang='lat' dir='ltr'>else,</span> <span class='ocrx_word' id='word_1_117' title='bbox 746 2873 792 2919; x_wconf 87' lang='lat' dir='ltr'>ne</span> <span class='ocrx_word' id='word_1_118' title='bbox 807 2847 881 2920; x_wconf 89' lang='lat' dir='ltr'>ulla</span> <span class='ocrx_word' id='word_1_119' title='bbox 897 2846 998 2945; x_wconf 88' lang='lat' dir='ltr'>quies</span> <span class='ocrx_word' id='word_1_120' title='bbox 1015 2874 1190 2947; x_wconf 89' lang='lat' dir='ltr'>umquam</span> <span class='ocrx_word' id='word_1_121' title='bbox 1215 2848 1359 2923; x_wconf 88' lang='lat' dir='ltr'>miserae</span> 
     </span>
     <span class='ocr_line' id='line_1_19' title="bbox 381 2966 1361 3068; baseline 0.006 -30"><span class='ocrx_word' id='word_1_122' title='bbox 381 2966 521 3065; x_wconf 89' lang='lat' dir='ltr'>“plebi</span> <span class='ocrx_word' id='word_1_123' title='bbox 551 2971 605 3041; x_wconf 86' lang='lat' dir='ltr'>fit:</span> <span class='ocrx_word' id='word_1_124' title='bbox 638 2993 728 3065; x_wconf 88' lang='lat' dir='ltr'>quae</span> <span class='ocrx_word' id='word_1_125' title='bbox 759 2992 856 3040; x_wconf 91' lang='lat' dir='ltr'>nunc</span> <span class='ocrx_word' id='word_1_126' title='bbox 882 2967 990 3041; x_wconf 90' lang='lat' dir='ltr'>etiam</span> <span class='ocrx_word' id='word_1_127' title='bbox 1013 2968 1194 3068; x_wconf 70' lang='lat' dir='ltr'>vestigalis</span> <span class='ocrx_word' id='word_1_128' title='bbox 1215 2970 1262 3042; x_wconf 88' lang='lat' dir='ltr'>ad</span> <span class='ocrx_word' id='word_1_129' title='bbox 1279 2969 1361 3044; x_wconf 89' lang='lat' dir='ltr'>ulti·</span> 
     </span>
     <span class='ocr_line' id='line_1_20' title="bbox 381 3087 1360 3186; baseline 0.005 -27"><span class='ocrx_word' id='word_1_130' title='bbox 381 3097 527 3160; x_wconf 90' lang='lat' dir='ltr'>“mum</span> <span class='ocrx_word' id='word_1_131' title='bbox 560 3087 649 3160; x_wconf 68' lang='lat' dir='ltr'>sacia</span> <span class='ocrx_word' id='word_1_132' title='bbox 678 3090 742 3172; x_wconf 91' lang='lat' dir='ltr'>s1t;</span> <span class='ocrx_word' id='word_1_133' title='bbox 785 3108 838 3175; x_wconf 91' lang='lat' dir='ltr'>ut,</span> <span class='ocrx_word' id='word_1_134' title='bbox 886 3114 1002 3186; x_wconf 90' lang='lat' dir='ltr'>quum</span> <span class='ocrx_word' id='word_1_135' title='bbox 1035 3088 1197 3164; x_wconf 70' lang='lat' dir='ltr'>consesla</span> <span class='ocrx_word' id='word_1_136' title='bbox 1226 3091 1360 3178; x_wconf 89' lang='lat' dir='ltr'>labore,</span> 
     </span>
     <span class='ocr_line' id='line_1_21' title="bbox 382 3207 1361 3308; baseline 0.004 -28"><span class='ocrx_word' id='word_1_137' title='bbox 382 3218 406 3250; x_wconf 94' lang='lat'><strong>“</strong></span> <span class='ocrx_word' id='word_1_138' title='bbox 425 3207 645 3308; x_wconf 86' lang='lat' dir='ltr'>vulneribus,</span> <span class='ocrx_word' id='word_1_139' title='bbox 671 3207 847 3304; x_wconf 89' lang='lat' dir='ltr'>postremo</span> <span class='ocrx_word' id='word_1_140' title='bbox 873 3229 982 3282; x_wconf 86' lang='lat' dir='ltr'>aetate</span> <span class='ocrx_word' id='word_1_141' title='bbox 1004 3235 1150 3307; x_wconf 88' lang='lat' dir='ltr'>corpora</span> <span class='ocrx_word' id='word_1_142' title='bbox 1164 3211 1361 3299; x_wconf 89' lang='lat' dir='ltr'>retulerint,</span> 
     </span>
     <span class='ocr_line' id='line_1_22' title="bbox 381 3327 1362 3425; baseline 0.007 -27"><span class='ocrx_word' id='word_1_143' title='bbox 381 3337 406 3371; x_wconf 90' lang='lat'><strong>“</strong></span> <span class='ocrx_word' id='word_1_144' title='bbox 425 3327 632 3425; x_wconf 89' lang='lat' dir='ltr'>incultaque</span> <span class='ocrx_word' id='word_1_145' title='bbox 649 3327 771 3400; x_wconf 86' lang='lat' dir='ltr'>omnia</span> <span class='ocrx_word' id='word_1_146' title='bbox 784 3327 925 3401; x_wconf 91' lang='lat' dir='ltr'>diutino</span> <span class='ocrx_word' id='word_1_147' title='bbox 942 3329 1172 3403; x_wconf 89' lang='lat' dir='ltr'>dominorum</span> <span class='ocrx_word' id='word_1_148' title='bbox 1189 3331 1362 3405; x_wconf 86' lang='lat' dir='ltr'>defiderio</span> 
     </span>
     <span class='ocr_line' id='line_1_23' title="bbox 382 3444 1363 3534; baseline 0.008 -16"><span class='ocrx_word' id='word_1_149' title='bbox 382 3444 526 3519; x_wconf 89' lang='lat' dir='ltr'>“domi</span> <span class='ocrx_word' id='word_1_150' title='bbox 552 3444 762 3534; x_wconf 88' lang='lat' dir='ltr'>invenerint,</span> <span class='ocrx_word' id='word_1_151' title='bbox 788 3447 963 3522; x_wconf 90' lang='lat' dir='ltr'>tributum</span> <span class='ocrx_word' id='word_1_152' title='bbox 986 3475 1031 3522; x_wconf 87' lang='lat' dir='ltr'>ex</span> <span class='ocrx_word' id='word_1_153' title='bbox 1048 3447 1185 3523; x_wconf 73' lang='lat' dir='ltr'>adfecla</span> <span class='ocrx_word' id='word_1_154' title='bbox 1207 3478 1242 3525; x_wconf 91' lang='lat' dir='ltr'>re</span> <span class='ocrx_word' id='word_1_155' title='bbox 1260 3450 1363 3526; x_wconf 90' lang='lat' dir='ltr'>sami·</span> 
     </span>
     <span class='ocr_line' id='line_1_24' title="bbox 383 3564 1363 3666; baseline 0.006 -27"><span class='ocrx_word' id='word_1_156' title='bbox 383 3576 409 3610; x_wconf 87' lang='lat'><strong>“</strong></span> <span class='ocrx_word' id='word_1_157' title='bbox 427 3564 501 3640; x_wconf 88' lang='lat' dir='ltr'>liari</span> <span class='ocrx_word' id='word_1_158' title='bbox 530 3567 704 3664; x_wconf 78' lang='lat' dir='ltr'>pendant,</span> <span class='ocrx_word' id='word_1_159' title='bbox 736 3595 884 3666; x_wconf 86' lang='lat' dir='ltr'>aeraque</span> <span class='ocrx_word' id='word_1_160' title='bbox 902 3567 1078 3658; x_wconf 88' lang='lat' dir='ltr'>militaria,</span> <span class='ocrx_word' id='word_1_161' title='bbox 1104 3572 1202 3644; x_wconf 88' lang='lat' dir='ltr'>velut</span> <span class='ocrx_word' id='word_1_162' title='bbox 1218 3569 1363 3646; x_wconf 88' lang='lat' dir='ltr'>foenore</span> 
     </span>
     <span class='ocr_line' id='line_1_25' title="bbox 383 3686 1362 3788; baseline 0.003 -27"><span class='ocrx_word' id='word_1_163' title='bbox 383 3698 408 3731; x_wconf 90' lang='lat'><strong>“</strong></span> <span class='ocrx_word' id='word_1_164' title='bbox 426 3709 584 3785; x_wconf 89' lang='lat' dir='ltr'>accepta,</span> <span class='ocrx_word' id='word_1_165' title='bbox 615 3686 828 3786; x_wconf 91' lang='lat' dir='ltr'>multiplicia</span> <span class='ocrx_word' id='word_1_166' title='bbox 844 3687 1058 3788; x_wconf 86' lang='lat' dir='ltr'>reipublicae</span> <span class='ocrx_word' id='word_1_167' title='bbox 1076 3691 1260 3764; x_wconf 86' lang='lat' dir='ltr'>reddant.&#39;&#39;</span> <span class='ocrx_word' id='word_1_168' title='bbox 1302 3693 1362 3764; x_wconf 92' lang='lat' dir='ltr'>In-</span> 
     </span>
     <span class='ocr_line' id='line_1_26' title="bbox 383 3808 1364 3908; baseline 0.004 -27"><span class='ocrx_word' id='word_1_169' title='bbox 383 3827 433 3882; x_wconf 85' lang='lat' dir='ltr'>ter</span> <span class='ocrx_word' id='word_1_170' title='bbox 449 3810 629 3884; x_wconf 70' lang='lat' dir='ltr'>delectum</span> <span class='ocrx_word' id='word_1_171' title='bbox 656 3808 919 3907; x_wconf 88' lang='lat' dir='ltr'>tributumque,</span> <span class='ocrx_word' id='word_1_172' title='bbox 945 3814 980 3884; x_wconf 86' lang='lat'>&amp;</span> <span class='ocrx_word' id='word_1_173' title='bbox 1007 3831 1201 3908; x_wconf 88' lang='lat' dir='ltr'>occupatos</span> <span class='ocrx_word' id='word_1_174' title='bbox 1224 3810 1364 3885; x_wconf 84' lang='lat' dir='ltr'>animos</span> 
     </span>
     <span class='ocr_line' id='line_1_27' title="bbox 382 3927 1364 4030; baseline 0.004 -28"><span class='ocrx_word' id='word_1_175' title='bbox 382 3929 556 4025; x_wconf 81' lang='lat' dir='ltr'>majorum</span> <span class='ocrx_word' id='word_1_176' title='bbox 581 3954 697 4002; x_wconf 90' lang='lat' dir='ltr'>rerum</span> <span class='ocrx_word' id='word_1_177' title='bbox 727 3927 833 4019; x_wconf 90' lang='lat' dir='ltr'>curis,</span> <span class='ocrx_word' id='word_1_178' title='bbox 868 3928 1024 4004; x_wconf 89' lang='lat' dir='ltr'>comitiis</span> <span class='ocrx_word' id='word_1_179' title='bbox 1041 3929 1269 4005; x_wconf 91' lang='lat' dir='ltr'>tribunorum</span> <span class='ocrx_word' id='word_1_180' title='bbox 1288 3935 1364 4030; x_wconf 88' lang='lat' dir='ltr'>ple·</span> 
     </span>
     <span class='ocr_line' id='line_1_28' title="bbox 384 4046 1364 4151; baseline 0.004 -29"><span class='ocrx_word' id='word_1_181' title='bbox 384 4046 439 4122; x_wconf 89' lang='lat' dir='ltr'>bis</span> <span class='ocrx_word' id='word_1_182' title='bbox 469 4075 638 4123; x_wconf 88' lang='lat' dir='ltr'>numerus</span> <span class='ocrx_word' id='word_1_183' title='bbox 668 4048 802 4147; x_wconf 85' lang='lat' dir='ltr'>expleti</span> <span class='ocrx_word' id='word_1_184' title='bbox 831 4049 982 4147; x_wconf 88' lang='lat' dir='ltr'>nequiit.</span> <span class='ocrx_word' id='word_1_185' title='bbox 1032 4055 1238 4151; x_wconf 88' lang='lat' dir='ltr'>Pugnatum</span> <span class='ocrx_word' id='word_1_186' title='bbox 1264 4053 1364 4141; x_wconf 88' lang='lat' dir='ltr'>inde,</span> 
     </span>
     <span class='ocr_line' id='line_1_29' title="bbox 383 4167 1366 4269; baseline 0.005 -28"><span class='ocrx_word' id='word_1_187' title='bbox 383 4167 420 4242; x_wconf 93' lang='lat' dir='ltr'>in</span> <span class='ocrx_word' id='word_1_188' title='bbox 447 4171 525 4244; x_wconf 90' lang='lat' dir='ltr'>loca</span> <span class='ocrx_word' id='word_1_189' title='bbox 553 4194 665 4244; x_wconf 86' lang='lat' dir='ltr'>vacua</span> <span class='ocrx_word' id='word_1_190' title='bbox 693 4190 735 4243; x_wconf 94' lang='lat' dir='ltr'>ut</span> <span class='ocrx_word' id='word_1_191' title='bbox 767 4168 906 4266; x_wconf 84' lang='lat' dir='ltr'>patricii</span> <span class='ocrx_word' id='word_1_192' title='bbox 940 4191 1198 4269; x_wconf 89' lang='lat' dir='ltr'>cooptarentur.</span> <span class='ocrx_word' id='word_1_193' title='bbox 1263 4171 1366 4246; x_wconf 90' lang='lat' dir='ltr'>Post·</span> 
     </span>
    </p>
   </div>
   <div class='ocr_carea' id='block_1_3' title="bbox 0 0 1548 5342">
    <p class='ocr_par' dir='ltr' id='par_1_3' title="bbox 0 0 1548 5342">
     <span class='ocr_line' id='line_1_30' title="bbox 0 0 1548 5342; baseline 0 0"><span class='ocrx_word' id='word_1_194' title='bbox 0 0 1548 5342; x_wconf 95' lang='lat' dir='ltr'> </span> 
     </span>
    </p>
   </div>
  </div>
 </body>
</html>
