3067 5342
492 731 820 804 L1aaaV.
1114 752 1159 828 55

182 901 414 1002 magistratus,
447 925 654 978 crearentur.
705 909 856 978 Annum
887 902 965 1001 post
992 902 1162 1002 quintum

182 1022 367 1097 decimum
401 1023 506 1098 creati
538 1023 696 1098 consules
726 1026 774 1098 L.
801 1022 990 1097 Lucretius
1020 1025 1161 1113 Flavus,

181 1145 254 1216 Ser.
279 1142 455 1241 Sulpicius
477 1139 695 1217 Camerinus.
746 1141 928 1239 Principio
945 1143 1047 1239 hujus
1064 1141 1161 1230 anni,

181 1261 355 1351 ferociter,
397 1262 482 1362 quia
513 1289 621 1337 nemo
656 1287 701 1336 ex
735 1261 887 1361 collegio
920 1261 1161 1336 interceffurus
1231 1276 1233 1281 '

182 1403 267 1472 erat,
293 1382 420 1456 coortis
446 1385 492 1456 ad
518 1381 758 1481 perferendam
781 1384 898 1480 legem
922 1381 1072 1457 tribunis
1088 1383 1161 1479 ple-

183 1501 250 1590 bis,
285 1528 350 1576 nec
365 1500 504 1601 segnius
525 1505 573 1577 ob
587 1501 625 1574 id
644 1500 756 1599 ipsum
767 1500 970 1576 consulibus
982 1502 1162 1576 refistenti-

183 1624 262 1709 bus,
296 1621 467 1720 omnique
483 1622 624 1697 civitate
639 1622 677 1697 in
693 1649 804 1697 unam
826 1649 903 1697 earn
931 1648 1051 1697 curam
1077 1649 1162 1696 con-

182 1741 289 1830 versa,
321 1740 501 1816 Vitelliam
520 1742 696 1818 coloniam
720 1745 921 1818 Romanam
938 1740 977 1813 in
999 1739 1062 1814 suo
1077 1726 1162 1839 agro

182 1859 303 1961 Aequi
325 1884 541 1961 expugnant.
591 1864 811 1937 Colonorum
836 1888 911 1961 pars
933 1859 1088 1935 maxima
1107 1860 1160 1934 in-

182 1981 345 2069 columis,
377 1981 462 2080 quia
478 1985 581 2056 noete
601 1980 802 2080 proditione
824 1981 1001 2080 oppidum
1018 2001 1161 2079 captum

181 2100 326 2176 liberam
341 2127 402 2200 per
417 2100 531 2175 aversa
553 2101 649 2175 urbis
672 2100 795 2200 fugam
814 2102 970 2189 dederat,
1004 2103 1161 2174 Romam

182 2221 375 2321 perfugere.
424 2223 471 2294 L.
488 2219 660 2295 Lucretio
676 2220 812 2295 consuli
831 2247 872 2295 ea
886 2219 1069 2319 provincia
1081 2247 1160 2295 eve-

181 2340 245 2414 nit.
295 2343 341 2428 Is‚
368 2366 452 2414 curn
478 2340 635 2414 exercitu
661 2339 851 2438 profedtus,
877 2340 952 2414 acie
969 2341 1083 2416 hostes
1107 2340 1161 2414 vi-

182 2460 250 2548 cit3
278 2459 460 2558 vidiorque
477 2464 634 2534 Romam
656 2461 702 2533 ad
725 2461 836 2556 majus
857 2459 1037 2558 aliquanto
1054 2482 1161 2535 certa·

181 2607 264 2654 men
287 2579 389 2654 redit.
440 2579 527 2654 Dies
549 2579 645 2654 dieta
666 2602 738 2653 erat
763 2579 914 2654 tribunis
930 2580 1043 2678 plebis
1059 2581 1160 2660 bien-

182 2698 231 2773 nii
246 2698 429 2797 superioris
447 2705 494 2776 A.
516 2699 680 2798 Virginio
697 2705 731 2773 aa
747 2705 804 2800 Q
819 2699 1036 2797 Pomponio:
1071 2725 1162 2799 quos

180 2816 325 2892 defendi
343 2823 487 2894 Patrum
510 2819 676 2894 consensu
700 2821 746 2892 ad
769 2821 879 2893 fidem
895 2818 1031 2893 senatus
1055 2820 1161 2918 perti-

181 2941 296 3014 nebat.
347 2943 479 3039 Neque
503 2941 600 3014 enim
625 2967 685 3014 eos
708 2961 770 3013 aut
798 2938 891 3013 vitae
918 2941 991 3013 ullo
1012 2940 1161 3016 crimine

180 3057 248 3131 alio
279 3081 340 3133 aut
379 3060 465 3160 gesti
499 3059 717 3159 magistratus
751 3058 940 3158 quisquam
979 3063 1159 3158 arguebat,

180 3199 420 3276 praeterquam
436 3181 549 3278 quod,
580 3179 812 3278 gratificantes
827 3179 1002 3268 Patribus,
1032 3181 1160 3280 rogati-

180 3299 240 3372 oni
263 3298 473 3374 tribuniciae
489 3300 754 3375 interceffiffent.
806 3298 904 3372 Vicit
920 3293 1039 3373 tamen
1056 3302 1161 3400 grati-

180 3445 236 3493 am
249 3418 385 3493 senatus
400 3419 513 3517 plebis
535 3419 602 3506 ira3
635 3424 668 3492 ὅτ
682 3421 827 3516 peffimo
840 3421 1005 3518 exemplo
1021 3419 1162 3496 innoxii

180 3539 281 3614 denis
299 3539 459 3614 millibus
485 3539 598 3637 gravis
619 3537 705 3614 aeris
728 3539 956 3612 condemnati
978 3539 1068 3616 sunt.
1118 3545 1163 3618 ld

179 3687 279 3760 aegre
306 3663 386 3757 palli
412 3663 541 3734 Patres.
591 3658 761 3732 Camillus
787 3661 902 3757 palam
928 3658 1063 3734 sceleris
1087 3665 1161 3759 ple-

180 3785 263 3855 bem
287 3805 456 3879 arguere:
487 3789 512 3823 “
538 3805 642 3877 quae,
669 3779 745 3875 jam
775 3778 814 3852 in
844 3777 922 3853 suos
947 3779 1054 3867 versa,
1087 3805 1161 3854 non

180 3913 205 3944 “
225 3900 448 3999 intelligeret,
475 3898 508 3973 se
535 3925 642 3997 pravo
659 3897 802 3995 judicio
824 3901 870 3972 de
887 3896 1039 3973 tribunis
1056 3898 1160 3973 inter-

180 4031 205 4064 “
224 4023 411 4096 ceffionem
440 4017 627 4106 sustuliffe3
659 4021 898 4094 intercessione
924 4017 1071 4108 sublata,
1100 4019 1160 4093 tri-

181 4151 205 4184 “
225 4138 408 4216 buniciam
441 4138 647 4239 potestatem
680 4138 847 4214 evertiffe.
904 4141 1016 4226 Nam,
1060 4140 1162 4238 quod
