3067 5342
415 727 486 802 274
762 696 1075 771 T.L1v11

416 887 441 920 ‘⁶
460 897 616 973 quorum
649 872 698 948 est
739 871 888 970 potestm
922 867 1120 942 nostrorum
1151 864 1391 964 hostiumque,

419 1004 444 1038 “
464 993 599 1092 Diique
625 995 766 1080 Manes,
796 1016 859 1066 vos
886 1013 1024 1087 precor,
1057 1011 1216 1071 veneror,
1254 983 1394 1058 veniam

418 1123 443 1158 “
462 1135 544 1212 peto
570 1111 728 1212 feroque,
762 1109 818 1184 uti
842 1109 977 1208 populo
1003 1109 1171 1179 Romano
1197 1103 1395 1205 Qniritium

419 1243 444 1278 “
463 1232 538 1308 vim
555 1231 810 1330 vidoriarnque
826 1224 1051 1328 prosperetis3
1081 1222 1265 1322 hostesque
1282 1249 1396 1322 popu-

419 1366 444 1400 “
463 1355 487 1429 li
506 1351 663 1444 Romani
681 1348 882 1451 Qtiritium
899 1368 1040 1434 terrore,
1064 1343 1269 1431 formidine,
1301 1367 1394 1417 mor-

417 1484 569 1572 “teque
596 1469 779 1546 adficiatis.
827 1468 928 1544 Sicut
956 1464 1070 1542 verbis
1095 1462 1316 1562 nuncupavi,
1348 1461 1397 1539 ita

417 1605 443 1637 “
461 1619 526 1692 pro
543 1589 725 1688 republica
739 1587 953 1688 Quiritium,
978 1584 1149 1672 exercitu,
1179 1581 1396 1683 legionibus,

419 1710 604 1786 “auxiliis
634 1708 757 1809 populi
787 1706 945 1782 Romani
987 1705 1201 1807 Quiritium,
1241 1702 1399 1802 legiones

421 1842 446 1874 “
464 1829 667 1928 auxiliaque
687 1827 843 1902 hostium
857 1852 1002 1901 mecum
1026 1823 1106 1900 Diis
1122 1822 1297 1898 Manibus
1313 1825 1399 1896 Tel-

419 1962 445 1995 “
463 1949 605 2048 lurique
623 1950 815 2023 devoveo.”
863 1950 968 2022 Haec
984 1945 1034 2019 ita
1058 1965 1233 2045 precatus,
1258 1942 1398 2018 lic'tores

419 2071 469 2146 ire
499 2071 544 2144 ad
568 2073 618 2142 T.·
639 2068 822 2142 Manlium
847 2069 964 2164 jubet,
1006 2087 1213 2163 matureque
1242 2063 1398 2160 collegae

421 2189 454 2264 se
476 2193 646 2265 devotum
663 2214 727 2286 pro
745 2187 898 2262 exercitu
914 2186 1093 2261 nunciare.
1142 2183 1232 2284 Ipse,
1261 2181 1398 2256 incinc-

421 2325 478 2379 tus
508 2305 627 2378 cinclu
659 2303 816 2391 Gabino,
843 2325 996 2378 armatus
1022 2301 1060 2377 in
1088 2326 1226 2399 equum
1252 2300 1398 2388 infiluit‚

419 2451 459 2500 ac
487 2422 520 2498 se
546 2423 584 2496 in
610 2421 747 2496 medios
776 2422 891 2497 hostes
920 2421 1060 2496 inmifit.
1109 2420 1328 2520 Conspedtus
1353 2424 1400 2496 ab

420 2565 571 2641 utraque
599 2541 674 2616 acie
701 2542 880 2640 aliquanto
912 2541 1092 2641 augustior
1120 2544 1279 2616 humano
1307 2539 1399 2628 visu,

420 2666 506 2736 ficut
526 2663 626 2736 coelo
648 2661 767 2738 millus
787 2660 971 2757 piaculum
993 2661 1109 2736 omnis
1132 2664 1295 2736 Deorum
1314 2661 1399 2749 irae,

421 2782 486 2881 qui
516 2781 648 2880 pestem
665 2783 710 2856 ab
727 2778 796 2854 suis
822 2778 975 2855 aversam
1001 2780 1038 2854 in
1064 2782 1178 2856 hostes
1194 2781 1297 2856 ferret
1304 2813 1316 2867 3
1351 2759 1402 2856 iti

420 2901 537 2976 omnis
554 2923 662 2975 terror
677 2925 855 3000 pavorque
869 2925 955 2974 cum
971 2900 1033 2974 illo
1050 2902 1140 2974 latus
1164 2904 1259 3000 ligna
1279 2901 1398 3000 primo

418 3021 631 3098 Latinorum
661 3019 837 3106 turbavit;
880 3019 1010 3094 deinde
1043 3019 1081 3094 in
1110 3041 1223 3095 totam
1252 3020 1396 3120 penitus

419 3141 533 3230 aciem
562 3143 716 3239 pervasit.
768 3138 1078 3214 Evidentissimum
1106 3140 1145 3214 id
1168 3139 1250 3228 fuit,
1281 3142 1397 3239 quod,

421 3287 650 3360 quacumque
679 3284 776 3357 equo
806 3257 965 3334 invedus
995 3259 1058 3349 est,
1082 3259 1147 3348 ibi,
1181 3262 1280 3336 haud
1300 3258 1399 3335 secus

420 3407 530 3478 quam
560 3377 722 3477 pestifero
748 3380 855 3453 fidere
887 3377 963 3466 ini,
997 3383 1192 3478 pavebant:
1225 3379 1292 3454 ubi
1316 3405 1402 3456 vero

421 3498 564 3576 conruit
585 3502 732 3574 obrutus
749 3497 840 3586 telis,
867 3497 951 3572 inde
970 3499 1046 3595 jam
1067 3502 1166 3574 haud
1188 3499 1300 3574 dubie
1315 3525 1402 3574 con-

420 3620 586 3694 sternatae
604 3621 762 3692 cohortes
778 3617 992 3693 Latinorum
1008 3619 1132 3718 fugam
1148 3647 1190 3695 ac
1204 3619 1401 3696 vastitatem

420 3743 488 3814 late
505 3737 674 3814 fecerunt.
724 3737 839 3812 Simul
856 3743 891 3811 a
902 3739 1074 3827 Romani,
1100 3727 1267 3816 erisolutis
1283 3740 1402 3840 religi·

420 3886 490 3935 one
502 3857 644 3945 animis,
676 3859 774 3932 velut
790 3878 869 3931 tum
884 3857 1043 3955 primum
1057 3863 1155 3959 figno
1171 3863 1255 3936 dato
1271 3861 1398 3949 coorti,

420 4005 579 4079 pugnam
610 3976 783 4075 integram
815 3977 1014 4054 edidenrnt.
1080 3982 1178 4056 Narn
1211 3985 1246 4056 δι
1279 3981 1399 4056 rorarii

420 4100 672 4196 procurrebant
710 4095 802 4171 inter
840 4097 1069 4195 antepilanos,
1117 4100 1399 4201 addiderantque
