3067 5342
372 658 442 754 296
703 653 1023 730 T.Lrv11

376 838 401 872 “
420 831 522 902 mus?
550 828 586 904 Si
603 831 735 904 bonam
751 828 956 919 dederitis,”
978 825 1111 926 inquit,
1141 828 1214 899 “a
1230 825 1361 912 fidam,

376 957 401 990 “
418 951 453 1022 δι
486 969 710 1046 perpetuam:
753 953 777 1024 fi
810 951 953 1036 malam,
985 947 1083 1021 haud
1114 945 1364 1020 diummam.”

374 1069 475 1142 Tum
491 1095 575 1143 vero
603 1068 743 1157 minari,
769 1095 836 1144 nec
852 1067 892 1144 id
907 1067 1088 1166 ambigue,
1118 1065 1365 1140 Privernatem

375 1187 538 1286 quidam,
566 1193 600 1262 ac
618 1187 686 1262 illis
711 1187 861 1264 vocibus
889 1189 937 1261 ad
960 1186 1203 1262 rebellandum
1216 1182 1364 1260 incitari

374 1328 515 1404 pacatos
541 1309 708 1407 populor.
738 1334 817 1406 pars
833 1307 959 1382 melior
975 1305 1111 1382 senatus
1135 1307 1183 1379 ad
1211 1303 1367 1380 meliora

375 1425 578 1524 responsum
607 1429 754 1516 trahere,
785 1433 819 1502 dt
846 1422 1144 1515 dicerest‘Viri,
1178 1423 1365 1512 aliteri,

375 1555 544 1622 “vocem
561 1547 731 1622 auditam.
782 1552 844 1622 An
860 1547 958 1622 credi
974 1548 1082 1644 poffe,
1108 1547 1226 1619 ullum
1242 1569 1365 1644 popu-

375 1675 401 1710 “
420 1667 510 1754 lum,
527 1687 590 1740 aut
603 1667 788 1742 hominem
813 1667 1020 1767 deniques
1011 1693 1048 1741 ιιι
1080 1693 1123 1740 ea
1138 1663 1365 1752 conditione,

376 1793 402 1828 “
420 1785 520 1880 cujus
536 1811 621 1861 eum
637 1786 828 1884 poeniteat,
853 1785 1002 1875 diutius,
1029 1811 1139 1885 quam
1155 1787 1289 1861 necesse
1306 1787 1364 1872 fit,

377 1913 403 1947 ‘⁴
422 1905 625 1982 mansurum
639 1910 652 1981 ?
670 1905 725 1982 Ibi
738 1933 863 2005 pacem
876 1909 943 1982 effe
956 1907 1079 1995 fidam,
1093 1905 1159 1982 ubi
1168 1903 1364 1980 voluntarii

374 2034 401 2069 “
419 2027 532 2124 pacati
550 2030 629 2102 srnt:
658 2053 774 2126 neque
790 2053 834 2100 eo
849 2028 943 2115 loco,
970 2025 1035 2100 ubi
1061 2025 1264 2101 servitutem
1288 2027 1362 2098 effe

376 2153 402 2189 ‘⁶
420 2146 543 2236 velint,
554 2148 663 2222 fidem
673 2145 876 2246 sperandam
886 2149 987 2222 effe.’'
999 2149 1041 2221 In
1051 2149 1142 2221 hanc
1155 2144 1367 2221 sententiam

377 2264 534 2339 maxime
551 2264 672 2340 consul
689 2265 760 2365 ipse
778 2266 962 2342 inclinavit
977 2265 1127 2355 animos,
1145 2264 1364 2340 idemtidem

377 2385 424 2457 ad
436 2383 613 2483 principes
629 2385 877 2461 sententiarum
894 2386 1103 2474 consulares,
1128 2385 1183 2460 uti
1199 2385 1365 2460 exaudiri

377 2505 489 2602 poffet
515 2529 535 2578 a
564 2503 739 2602 pluribus,
773 2505 942 2595 dicendo,
975 2517 1001 2550 “
1018 2509 1090 2581 Eos
1106 2507 1269 2594 demum,
1296 2504 1364 2604 qui

380 2632 406 2668 “
422 2621 525 2711 nihil,
553 2645 811 2722 praeterquam
828 2627 873 2699 de
888 2625 1061 2715 libertate,
1087 2625 1258 2726 cogitent,
1281 2624 1364 2724 dig-

378 2753 404 2786 “
421 2769 486 2818 nos
508 2746 589 2832 effe,
616 2743 681 2843 qui
705 2743 863 2819 Romani
893 2748 1012 2820 tiane’
1061 2749 1185 2845 Itaque
1201 2749 1237 2820 δι
1253 2743 1293 2818 in
1309 2743 1361 2817 se-

380 2882 464 2935 natu
482 2865 633 2938 cauffam
649 2863 849 2953 obtinuere,
879 2869 914 2939 a
931 2892 977 2940 ex
993 2866 1198 2940 auctoritate
1214 2867 1364 2939 Patrum

379 2983 493 3056 latum
518 2984 564 3055 ad
590 2986 766 3080 populum
793 2985 856 3073 est,
884 3005 926 3058 ut
955 2983 1216 3059 Privernatibus
1240 2981 1365 3058 civitas

379 3103 532 3176 daretur.
584 3104 724 3178 Eodem
750 3129 844 3178 antro
873 3110 1004 3178 Anxur
1032 3105 1179 3180 trecenti
1205 3103 1244 3177 in
1265 3105 1364 3179 colo·

380 3221 478 3297 niam
494 3221 583 3297 miffi
600 3221 695 3298 sunt:
718 3223 802 3298 bina
807 3225 934 3323 jugera
950 3225 1024 3325 agri
1041 3244 1264 3323 acceperunt.

430 3344 552 3417 XXII.
577 3345 725 3418 Secutus
749 3343 800 3418 est
827 3369 940 3418 annus
956 3345 1054 3418 nulla
1067 3370 1103 3418 re
1119 3343 1204 3419 belli
1218 3342 1365 3418 domive

381 3458 537 3559 insignis,
554 3465 595 3536 P.
613 3463 755 3538 Plautio
771 3465 938 3552 Proculo,
965 3466 1007 3538 P.
1035 3463 1202 3538 Cornelio
1217 3465 1368 3562 Scapula

381 3580 605 3668 consulibus;
639 3604 883 3681 praeterquam
899 3585 1001 3682 quod
1019 3585 1193 3682 Fregellas
1220 3581 1364 3681 (Sidici-

382 3727 512 3776 norum
538 3699 569 3776 is
592 3727 675 3800 aget
692 3702 822 3776 deinde
840 3701 1051 3777 Volscorum
1066 3702 1195 3796 fuerat)
1224 3701 1366 3778 colonia

381 3822 537 3896 deducta
544 3855 555 3910 3
581 3824 616 3895 ἃ
633 3824 767 3920 populo
799 3819 980 3897 visceratio
1012 3823 1094 3897 data
1117 3850 1140 3897 a
1165 3825 1223 3896 M.
1240 3819 1364 3896 Flavio

380 3940 419 4014 in
436 3941 559 4016 funere
577 3941 706 4016 matris.
758 3943 881 4029 Erant,
898 3941 977 4040 qui,
1003 3967 1066 4040 pet
1081 3940 1234 4040 speciem
1250 3943 1363 4016 hono·

381 4063 507 4136 randae
522 4058 687 4159 parentis,
714 4060 876 4136 meritam
892 4063 1094 4138 mercedem
1110 4064 1245 4164 populo
1270 4059 1362 4135 solu-
