3067 5342
487 756 834 829 LrnanVI.
1084 778 1149 853 113

158 928 198 1027 pi
230 954 306 1003 non
339 950 475 1027 poterat
487 962 500 1018 ;
538 930 660 1005 relicto
691 932 738 1004 ad
773 929 968 1005 exercitum
999 930 1146 1029 collega,

161 1052 324 1123 Romam
337 1049 388 1123 est
400 1049 591 1149 profectus,
611 1071 653 1124 ut
668 1049 826 1125 senatum
840 1034 887 1123 ad
903 1046 1146 1123 excidendum

160 1168 320 1242 Antium
335 1171 541 1243 hortaretur.
590 1172 686 1244 Inter
698 1168 895 1243 sermonem
908 1168 980 1264 ejus
1007 1170 1144 1265 (credo,

159 1314 237 1362 rem
254 1288 440 1363 Antiatem
470 1288 729 1363 diuturniorem
758 1314 913 1375 manere,
944 1286 1025 1361 Diis
1046 1289 1146 1363 cordi

157 1406 280 1503 suiffe)
316 1406 421 1507 legati
444 1412 490 1482 ab
513 1412 654 1506 Nepete
670 1435 711 1483 ac
728 1407 859 1496 Sutrio,
890 1405 1066 1481 auxilium
1083 1412 1145 1483 ad-

157 1526 279 1600 versus
297 1526 464 1602 Etruscos
480 1548 651 1626 petentes,
684 1528 847 1615 veniunt,
877 1530 1021 1601 brevem
1043 1554 1146 1602 occa-

157 1650 295 1721 sionem
317 1649 383 1721 effe
400 1645 536 1721 ferendi
553 1647 677 1722 auxilii
700 1666 946 1721 memorantes.
997 1648 1053 1719 Eo
1069 1647 1144 1722 vim

157 1766 305 1841 Camilli
319 1768 364 1841 ab
378 1765 492 1839 Antio
505 1765 646 1841 fortuna
661 1764 796 1841 avertit.
847 1768 1015 1863 Namque
1030 1792 1146 1865 quum

154 1913 199 1962 ea
223 1888 304 1960 loca
320 1888 477 1984 obposrta
494 1884 669 1974 Etruriae,
702 1891 737 1961 δι
761 1887 862 1959 velut
886 1884 1034 1958 claustra
1061 1885 1145 1959 inde

155 2027 354 2104 portaeque
383 2008 509 2093 effent3
544 2010 578 2080 ac
612 2005 681 2081 illis
711 2004 914 2105 occupandi
944 2030 997 2092 ea,
1029 2030 1144 2103 quum

154 2124 253 2222 quid
280 2124 365 2199 novi
394 2125 616 2212 molirentur,
646 2129 681 2199 &
710 2123 887 2199 Romanis
913 2124 1144 2223 recuperandi

155 2244 360 2343 tuendique
378 2271 462 2319 cura
474 2266 556 2318 erat.
606 2243 721 2343 Igitur
736 2242 869 2317 senatui
888 2268 972 2318 cum
990 2242 1143 2317 Camillo

154 2370 217 2463 agi
234 2363 382 2464 placuit,
408 2386 465 2451 ut,
498 2362 623 2438 omiffo
643 2362 770 2450 Antio,
801 2364 937 2437 bellum
953 2360 1144 2466 Epmscum

155 2484 356 2583 susciperet.
406 2484 587 2583 Legiones
598 2486 766 2570 urbanae,
801 2482 933 2580 quibus
950 2483 1143 2583 Qtinstius

155 2604 371 2701 praefuerat,
405 2603 439 2676 ei
465 2606 715 2677 decernuntur.
764 2606 997 2703 Qramquam
1024 2630 1145 2700 exper-

155 2745 239 2797 tum
257 2721 453 2798 exercitum
469 2721 726 2821 adsuetumque
741 2720 906 2819 imperi0,
929 2721 993 2818 qui
1008 2720 1047 2794 in
1057 2724 1142 2796 Vol·

157 2841 227 2917 scis
249 2863 335 2931 erat,
365 2845 498 2931 mallet,
529 2840 620 2915 nihil
645 2840 833 2915 recusavit:
866 2839 1048 2914 Valerium
1067 2864 1142 2915 tan·

158 2964 351 3035 tummodo
367 2960 507 3059 imperii
521 2960 657 3035 socium
680 2958 897 3059 depoposcit.
946 2958 1140 3060 Qlindtius

159 3079 405 3179 Horatiusque
431 3079 636 3155 successores
654 3080 794 3154 Valerio
821 3078 859 3152 in
875 3077 1011 3153 Volscis
1040 3078 1140 3154 miffi.

160 3198 314 3274 Profecti
331 3203 377 3275 ab
398 3202 487 3274 urbe
503 3199 664 3274 Sutrium
681 3198 811 3274 Furius
837 3204 871 3273 dc
888 3196 1048 3273 Valerius
1064 3225 1140 3297 par-

158 3341 232 3393 tem
249 3317 375 3418 oppidi
386 3319 462 3415 jam
479 3339 618 3418 captam
635 3322 680 3394 ab
705 3318 861 3394 Etruscis
876 3319 1059 3405 invenere;
1095 3346 1140 3393 ex

159 3460 255 3537 parte
284 3441 402 3526 altera,
430 3437 624 3537 interseptis
647 3437 846 3527 itineribus,
874 3465 976 3537 aegre
993 3438 1139 3537 oppida·

157 3586 221 3633 nos
240 3558 318 3633 vim
329 3558 487 3633 hostium
499 3562 546 3633 ab
562 3556 595 3631 se
620 3578 787 3631 arcentes.
837 3563 963 3659 Qum
981 3558 1140 3633 Romani

156 3678 280 3754 auxilii
307 3680 494 3765 adventus,
527 3698 606 3753 tum
629 3676 772 3751 Camilli
802 3702 934 3751 nomen
956 3676 1138 3752 celeberri-

156 3825 259 3872 mum
275 3799 372 3896 apud
393 3796 509 3871 hostes
525 3796 721 3896 sociosque,
749 3800 784 3869 ὅτ
803 3794 840 3869 in
857 3794 1048 3896 praesentia
1062 3822 1136 3871 rem

157 3918 363 3994 inclinatam
380 3916 555 4005 sustinuit,
584 3921 617 3992 &
645 3915 797 4016 spatium
820 3919 866 3990 ad
892 3942 998 4014 opem
1025 3914 1136 3991 seren·
1178 3907 1181 3913 ¹

157 4040 239 4113 dam
273 4038 386 4113 dedit.
449 4040 574 4136 Itaque
608 4036 721 4111 diviso
753 4034 926 4124 exercitu,
967 4036 1137 4111 Camillus

159 4160 342 4259 collegam,
383 4184 462 4233 eam
491 4156 530 4232 in
558 4180 695 4258 partem
724 4156 979 4233 circumductis
1012 4155 1137 4256 copiis,

643 4281 661 4352 1
721 4321 725 4328 .
