3067 5342
357 668 403 741 88
697 666 1011 744 T.Lrv11

358 852 384 885 “
402 838 471 927 nis,
504 860 545 913 ut
561 866 706 917 omnem
722 838 981 939 neglegentiam
1003 834 1118 913 divini
1141 837 1259 913 cultus
1275 858 1338 911 ex·

358 971 536 1042 “emtam
569 958 778 1038 hominibus
808 982 944 1057 putem.
1010 956 1206 1031 Intuemini
1239 956 1337 1031 enim

358 1090 383 1123 “
402 1081 532 1153 horum
549 1078 718 1178 deinceps
737 1103 911 1152 annorum
929 1080 984 1151 vel
1001 1076 1171 1153 secundas
1187 1102 1252 1163 res,
1280 1076 1339 1149 vel

359 1210 384 1247 ‘⁶
402 1197 574 1273 adversasr
606 1197 793 1272 invenietis
814 1197 936 1273 omnia
950 1196 1107 1296 prospere
1125 1195 1275 1271 evenisse
1288 1194 1338 1269 se·

359 1330 385 1363 ‘⁴
404 1319 597 1417 quentihus
632 1320 741 1405 Deos,
773 1317 913 1391 adversa
942 1316 1195 1415 spernentibus.
1255 1318 1339 1412 Jam

359 1448 384 1481 ‘⁸
403 1437 568 1512 omnium
591 1437 749 1536 primum
766 1436 895 1532 Vejens
912 1438 1048 1510 bellum
1079 1440 1156 1533 (per
1171 1457 1262 1533 quot
1277 1461 1339 1508 an-

359 1568 385 1602 “
403 1583 480 1645 nos,
511 1577 645 1655 quanto
662 1559 780 1630 labore
794 1555 968 1655 gestum)
1001 1581 1073 1630 non
1094 1576 1174 1629 ante
1189 1553 1285 1652 cepit
1297 1556 1339 1627 li-

359 1687 385 1720 “
404 1702 500 1764 nem,
535 1704 644 1774 quam
661 1676 808 1761 monitu,
821 1678 984 1751 Deorum
1001 1700 1094 1774 aqua
1110 1702 1155 1749 ex
1171 1676 1250 1749 lacu
1274 1675 1340 1748 Al-

361 1806 385 1838 “
404 1798 499 1870 bano
511 1794 632 1869 emiffa
652 1797 713 1870 est.
763 1796 867 1897 Qrid
883 1798 969 1871 haee
988 1796 1132 1869 tandem
1149 1793 1249 1869 urbis
1262 1790 1341 1866 nos-

362 1924 387 1957 “
406 1936 478 1989 trae
504 1916 621 1989 clades
650 1918 764 1990 nova?
795 1940 884 1988 num
906 1937 986 1989 ante
1004 1936 1127 1989 exorta
1142 1913 1203 2000 est,
1230 1936 1341 2009 quarn

359 2044 386 2079 “
403 2032 514 2131 spreta
526 2060 598 2108 vox
614 2038 715 2109 coelo
731 2034 852 2109 emissa
878 2036 923 2109 de
940 2035 1095 2109 adventu
1123 2033 1335 2107 Gallorum?

362 2163 387 2195 “
406 2177 516 2249 quam
534 2153 696 2252 gentium
713 2155 772 2251 jus
796 2158 840 2230 ab
863 2154 985 2254 legatis
1005 2151 1129 2227 nostris
1144 2150 1340 2225 violatum?

361 2282 387 2315 “
406 2296 516 2369 quam
532 2300 553 2346 a
569 2274 685 2361 nobis,
713 2300 830 2372 quum
844 2272 1016 2349 vindicari
1034 2274 1191 2360 deberet,
1216 2273 1339 2346 eadem

362 2393 629 2491 “neglegentia
662 2397 824 2468 Deorum
854 2390 1168 2491 praetermissum?
1228 2391 1343 2490 igitur

362 2521 387 2554 “
405 2510 491 2585 visti
529 2512 696 2612 captique
724 2539 765 2587 ac
797 2512 947 2587 redemti
975 2533 1115 2586 tantum
1145 2536 1342 2610 poenarum

363 2641 388 2673 “
407 2630 488 2705 Diis
505 2631 781 2730 hominibusque
799 2631 980 2721 dedimus,
1013 2654 1054 2707 ut
1070 2652 1240 2707 terrarum
1263 2630 1342 2707 orbi
1402 2728 1406 2737 ³

363 2752 626 2826 “documento
649 2755 809 2826 essemus.
858 2750 1035 2827 Adversae
1059 2752 1189 2827 deinde
1206 2778 1260 2826 res
1275 2754 1337 2827 ad‘-

363 2882 388 2914 “
406 2894 623 2945 monuerunt
639 2872 865 2971 religionum.
916 2871 1157 2970 Confugimus
1180 2872 1219 2946 in
1235 2872 1342 2971 Capi-

362 3001 387 3034 “
407 2990 535 3064 tolium
551 2992 598 3065 ad
625 2994 736 3079 Deos,
761 2990 943 3068 adsedem
967 2991 1067 3087 Jovis
1084 2992 1212 3091 optimi
1226 2992 1341 3074 maxi-

363 3117 387 3150 “
406 3104 479 3180 mi:
511 3106 603 3182 sacra
620 3107 658 3182 in
680 3107 783 3183 ruina
798 3135 915 3183 rerum
935 3109 1130 3193 nostrarum
1147 3111 1214 3189 alia
1233 3132 1342 3193 terrae

362 3237 388 3269 “
407 3225 611 3315 celavimus,
629 3226 709 3315 alia,
735 3231 856 3309 avesta
873 3229 910 3301 in
923 3228 1091 3303 finitimas
1107 3234 1226 3319 urbes,
1244 3258 1341 3307 amo-

363 3343 524 3421 “vimus
553 3349 598 3429 ab
631 3346 788 3427 hostium
818 3346 942 3421 oculis.
993 3351 1157 3427 Deorum
1187 3353 1341 3441 cultum,

363 3460 532 3536 “deserti
558 3466 604 3547 ab
633 3464 714 3539 Diis
741 3464 1031 3566 hominibusque,
1062 3489 1180 3543 tamen
1197 3496 1270 3545 non
1288 3470 1341 3545 in·

363 3592 388 3625 “
406 3580 626 3657 termisrinus.
676 3582 883 3659 Reddidere
907 3586 1019 3685 igitur
1035 3588 1197 3685 patriam,
1215 3595 1250 3665 a
1267 3590 1343 3667 vic·

363 3712 388 3747 ‘⁶
407 3700 545 3790 toriam,
574 3705 609 3776 ἃ
625 3684 815 3801 antiquum
841 3704 925 3779 belli
955 3706 1064 3782 decus
1090 3708 1271 3786 amissum:
1305 3698 1350 3787 &¹

362 3833 387 3869 “
406 3822 443 3895 in
461 3823 588 3910 hostes,
603 3822 667 3921 qui
685 3822 780 3897 caeci
796 3822 939 3897 avaritia
951 3825 988 3899 in
1005 3830 1161 3925 pondere
1174 3829 1249 3903 auri
1265 3829 1339 3905 soe·

362 3952 388 3985 “
406 3941 474 4019 dus
490 3967 532 4017 ac
544 3944 655 4019 fidem
672 3940 884 4033 fefellerunt,
909 3966 1087 4031 verterunt
1100 3970 1266 4027 terrorem
1284 3948 1341 4033 fu,

362 4072 388 4107 “
407 4086 562 4160 gamque
579 4066 614 4137 δι
632 4063 813 4147 caedem?
