3067 5342
407 664 455 736 80
738 664 1052 737 T.Lrv11

406 862 469 913 cus
484 836 555 937 ipse
571 838 786 913 admonebat
811 836 967 925 Camilli,
996 842 1029 911 ὅτ
1050 858 1179 936 magna
1198 860 1274 936 pars
1291 832 1387 913 mili·

406 980 485 1033 tum
513 981 599 1045 erar,
626 956 690 1056 qui
716 959 829 1031 duslu
858 956 1087 1055 auspicioque
1114 958 1187 1054 ejus
1215 983 1268 1031 res
1289 956 1387 1055 pros·

405 1105 486 1178 pere
507 1080 692 1177 gesserant:
724 1082 758 1151 δι
787 1076 977 1151 Caedicius
995 1103 1134 1177 negare,
1160 1076 1194 1152 se
1220 1078 1387 1153 commis-

405 1197 539 1286 surum,
565 1222 630 1272 cur
646 1196 708 1271 fibi
730 1216 792 1269 aut
810 1199 971 1271 Deorum
988 1218 1050 1270 aut
1073 1197 1264 1271 hominum
1291 1194 1388 1295 quis-

406 1346 516 1419 quam
530 1318 719 1417 imperium
737 1317 855 1392 finiret
871 1318 1001 1416 potius,
1028 1344 1137 1416 quam
1161 1316 1232 1419 ipse
1249 1342 1390 1391 memor

406 1436 541 1511 ordinis
556 1436 608 1511 sui
627 1435 784 1535 posceret
800 1436 1056 1533 imperatorem.
1106 1435 1285 1511 Consensu
1309 1463 1388 1509 om-

406 1555 509 1631 nium
530 1556 677 1655 placuit,
704 1558 750 1630 ab
778 1557 898 1629 Ardea
930 1556 1124 1630 Camillum
1157 1556 1286 1643 adciri;
1325 1555 1389 1631 sed

405 1697 507 1751 antea
532 1674 691 1751 consulto
716 1674 851 1763 senatu,
877 1674 941 1773 qui
971 1678 1111 1749 Romae
1138 1680 1230 1751 effer.
1280 1678 1390 1751 Adeo

406 1798 548 1895 regebat
564 1795 685 1869 omnia
700 1797 830 1893 pudor,
858 1794 1131 1893 discriminaque
1143 1822 1260 1871 rerum
1277 1824 1389 1895 prope

406 1915 555 2014 perditis
577 1918 682 1989 rebus
699 1913 889 1989 servabant.
939 1914 1080 2013 Ingenti
1105 1916 1264 2012 periculo
1281 1916 1389 1992 trans-

407 2037 569 2109 eundum
602 2061 664 2132 per
694 2034 851 2108 hostium
876 2034 1051 2109 custodias
1083 2058 1165 2110 erat.
1216 2039 1279 2110 Ad
1308 2064 1389 2113 eam

406 2183 482 2229 rem
504 2153 654 2229 Pontius
671 2154 873 2244 Cominius,
902 2154 1038 2253 inpiger
1062 2155 1217 2251 juvenis,
1243 2184 1389 2255 operam

406 2275 599 2374 pollicitus,
633 2274 806 2349 incubans
835 2274 973 2363 cortici,
1003 2274 1159 2349 secundo
1190 2274 1314 2351 Tiberi
1340 2280 1390 2352 ad

407 2400 533 2470 urbem
551 2393 718 2468 defertur.
768 2396 870 2483 Inde,
902 2421 974 2492 qua
990 2394 1195 2493 proximum
1214 2394 1321 2469 suita
1342 2397 1389 2471 ri-

406 2542 465 2614 pa,
503 2541 565 2615 per
590 2535 831 2613 praeruptum,
857 2542 972 2613 eoque
1000 2517 1202 2614 negleslum
1231 2516 1389 2591 hostium

405 2634 598 2722 custodiae,
623 2633 748 2708 saxum
782 2634 819 2707 in
849 2634 1068 2732 Capitolium
1099 2636 1233 2710 evadit:
1265 2642 1313 2725 lle,
1340 2640 1389 2711 ad

406 2754 624 2855 magistratus
637 2756 780 2841 dusius,
808 2755 973 2827 mandata
986 2755 1161 2829 exercitus
1176 2755 1261 2829 edit.
1312 2760 1388 2831 Ac-

406 2898 510 2973 cepto
528 2874 611 2948 inde
629 2872 765 2947 senatus
784 2874 940 2961 decreto,
966 2896 1008 2947 ut
1024 2880 1072 2963 δι,
1100 2873 1254 2950 comitiis
1272 2872 1387 2949 curia-

405 2995 450 3069 tis
479 3016 662 3069 revocatus
689 2995 735 3066 de
764 2993 897 3081 exsilio,
929 2994 1024 3089 juffu
1056 2994 1179 3093 populi
1215 2995 1388 3069 Camillus

405 3114 556 3189 dislator
573 3115 753 3212 extemplo
776 3113 965 3201 diceretur,
991 3113 1190 3213 militesque
1217 3118 1387 3189 haberent

405 3233 666 3333 imperatorem,
716 3259 826 3331 quern
855 3236 998 3324 vellent,
1043 3237 1167 3309 eadem
1209 3236 1388 3333 degressus

406 3352 559 3426 nuncius
573 3353 678 3446 Vejos
695 3352 895 3425 contendit:
922 3353 1083 3451 missique
1100 3357 1256 3429 Ardeam
1279 3352 1387 3452 legati

405 3473 452 3544 ad
474 3470 681 3556 Camillum,
716 3471 820 3566 Vejos
838 3497 923 3544 eum
939 3474 1153 3570 perduxere:
1188 3472 1246 3547 seu
1268 3475 1387 3570 (quod

406 3588 518 3689 magis
537 3590 677 3663 credere
697 3587 798 3677 libet,
825 3617 897 3663 non
921 3591 1020 3689 prius
1036 3592 1235 3691 profestum
1253 3594 1298 3666 ab
1316 3598 1386 3666 Ar-

404 3712 483 3798 dea,
518 3734 628 3807 quam
645 3709 818 3807 comperit
834 3712 949 3809 legem
967 3713 1092 3799 latam3
1127 3715 1228 3811 quod
1245 3738 1310 3786 nec
1333 3710 1386 3785 in·

396 3832 493 3926 juffu
510 3828 636 3928 populi
659 3828 790 3902 mutari
808 3830 940 3904 finibus
965 3836 1088 3930 posset,
1116 3858 1195 3922 nec,
1221 3831 1282 3907 nist
1309 3832 1386 3906 dic·

403 3971 493 4024 tator
525 3948 653 4037 didus,
704 3947 858 4047 auspicia
891 3948 928 4022 in
962 3952 1120 4027 exercitu
1152 3954 1294 4047 habere)
1328 3954 1387 4025 lex

403 4068 537 4143 curiata
552 4070 621 4143 lata
637 4068 699 4156 est,
732 4068 954 4167 distatorque
977 4070 1098 4146 absens
1117 4073 1247 4149 dietus.
