<?xml version="1.0" encoding="UTF-8"?>
<!DOCTYPE html PUBLIC "-//W3C//DTD XHTML 1.0 Transitional//EN"
    "http://www.w3.org/TR/xhtml1/DTD/xhtml1-transitional.dtd">
<html xmlns="http://www.w3.org/1999/xhtml" xml:lang="en" lang="en">
 <head>
  <title>
</title>
<meta http-equiv="Content-Type" content="text/html;charset=utf-8" />
  <meta name='ocr-system' content='tesseract 3.04.00' />
  <meta name='ocr-capabilities' content='ocr_page ocr_carea ocr_par ocr_line ocrx_word'/>
</head>
<body>
  <div class='ocr_page' id='page_1' title='image "./tliviipatavinih00homegoog_0312.png"; bbox 0 0 3067 5342; ppageno 0'>
   <div class='ocr_carea' id='block_1_1' title="bbox 350 650 993 750">
    <p class='ocr_par' dir='ltr' id='par_1_1' title="bbox 350 650 993 750">
     <span class='ocr_line' id='line_1_1' title="bbox 350 650 993 750; baseline 0 -26"><span class='ocrx_word' id='word_1_1' title='bbox 350 676 422 750; x_wconf 81' lang='lat'>304</span> <span class='ocrx_word' id='word_1_2' title='bbox 679 650 993 724; x_wconf 85' lang='lat' dir='ltr'>T.L1v1r</span> 
     </span>
    </p>
   </div>
   <div class='ocr_carea' id='block_1_2' title="bbox 309 814 1334 4157">
    <p class='ocr_par' dir='ltr' id='par_1_2' title="bbox 309 814 1334 3796">
     <span class='ocr_line' id='line_1_2' title="bbox 348 814 1327 915; baseline 0 -25"><span class='ocrx_word' id='word_1_3' title='bbox 348 814 489 890; x_wconf 88' lang='lat' dir='ltr'>moenia</span> <span class='ocrx_word' id='word_1_4' title='bbox 507 818 573 892; x_wconf 80' lang='lat' dir='ltr'>effe</span> <span class='ocrx_word' id='word_1_5' title='bbox 590 821 774 894; x_wconf 75' lang='lat' dir='ltr'>rebanturz</span> <span class='ocrx_word' id='word_1_6' title='bbox 800 818 1076 894; x_wconf 88' lang='lat' dir='ltr'>Tarentinorum</span> <span class='ocrx_word' id='word_1_7' title='bbox 1087 819 1327 915; x_wconf 83' lang='lat' dir='ltr'>juventutem,</span> 
     </span>
     <span class='ocr_line' id='line_1_3' title="bbox 349 935 1331 1036; baseline 0.002 -26"><span class='ocrx_word' id='word_1_8' title='bbox 349 935 476 1010; x_wconf 87' lang='lat' dir='ltr'>Graeci</span> <span class='ocrx_word' id='word_1_9' title='bbox 496 941 664 1027; x_wconf 90' lang='lat' dir='ltr'>Graecos,</span> <span class='ocrx_word' id='word_1_10' title='bbox 699 940 798 1013; x_wconf 94' lang='lat' dir='ltr'>haud</span> <span class='ocrx_word' id='word_1_11' title='bbox 826 937 945 1012; x_wconf 89' lang='lat' dir='ltr'>minus</span> <span class='ocrx_word' id='word_1_12' title='bbox 971 965 1034 1036; x_wconf 85' lang='lat' dir='ltr'>per</span> <span class='ocrx_word' id='word_1_13' title='bbox 1062 964 1155 1036; x_wconf 89' lang='lat' dir='ltr'>quos</span> <span class='ocrx_word' id='word_1_14' title='bbox 1180 936 1331 1012; x_wconf 83' lang='lat' dir='ltr'>Samniti</span> 
     </span>
     <span class='ocr_line' id='line_1_4' title="bbox 349 1057 1329 1157; baseline 0.003 -28"><span class='ocrx_word' id='word_1_15' title='bbox 349 1057 577 1154; x_wconf 85' lang='lat' dir='ltr'><strong>Nolanoque,</strong></span> <span class='ocrx_word' id='word_1_16' title='bbox 607 1085 716 1157; x_wconf 89' lang='lat' dir='ltr'>quam</span> <span class='ocrx_word' id='word_1_17' title='bbox 746 1079 788 1132; x_wconf 94' lang='lat' dir='ltr'>ut</span> <span class='ocrx_word' id='word_1_18' title='bbox 816 1058 992 1134; x_wconf 89' lang='lat' dir='ltr'>Romanis</span> <span class='ocrx_word' id='word_1_19' title='bbox 1016 1057 1175 1133; x_wconf 88' lang='lat' dir='ltr'>hostibus</span> <span class='ocrx_word' id='word_1_20' title='bbox 1203 1057 1329 1132; x_wconf 80' lang='lat' dir='ltr'>resiste-</span> 
     </span>
     <span class='ocr_line' id='line_1_5' title="bbox 348 1176 1330 1274; baseline 0.001 -23"><span class='ocrx_word' id='word_1_21' title='bbox 348 1197 438 1266; x_wconf 89' lang='lat' dir='ltr'>rent,</span> <span class='ocrx_word' id='word_1_22' title='bbox 465 1176 722 1274; x_wconf 67' lang='lat' dir='ltr'>exspectabant.</span> <span class='ocrx_word' id='word_1_23' title='bbox 772 1179 954 1254; x_wconf 87' lang='lat' dir='ltr'>Postremo</span> <span class='ocrx_word' id='word_1_24' title='bbox 980 1177 1191 1252; x_wconf 86' lang='lat' dir='ltr'>leviffimum</span> <span class='ocrx_word' id='word_1_25' title='bbox 1218 1179 1330 1252; x_wconf 88' lang='lat' dir='ltr'>malo·</span> 
     </span>
     <span class='ocr_line' id='line_1_6' title="bbox 349 1297 1331 1374; baseline 0.001 -2"><span class='ocrx_word' id='word_1_26' title='bbox 349 1323 429 1372; x_wconf 85' lang='lat' dir='ltr'>rum</span> <span class='ocrx_word' id='word_1_27' title='bbox 462 1297 600 1372; x_wconf 89' lang='lat' dir='ltr'>deditio</span> <span class='ocrx_word' id='word_1_28' title='bbox 630 1300 675 1372; x_wconf 91' lang='lat' dir='ltr'>ad</span> <span class='ocrx_word' id='word_1_29' title='bbox 707 1300 893 1374; x_wconf 88' lang='lat' dir='ltr'>Romanos</span> <span class='ocrx_word' id='word_1_30' title='bbox 928 1297 1010 1374; x_wconf 83' lang='lat' dir='ltr'>visa</span> <span class='ocrx_word' id='word_1_31' title='bbox 1070 1297 1253 1373; x_wconf 85' lang='lat' dir='ltr'>Charilaus</span> <span class='ocrx_word' id='word_1_32' title='bbox 1294 1303 1331 1373; x_wconf 74' lang='lat' dir='ltr'>St</span> 
     </span>
     <span class='ocr_line' id='line_1_7' title="bbox 309 1417 1330 1519; baseline 0.001 -28"><span class='ocrx_word' id='word_1_33' title='bbox 309 1437 315 1450; x_wconf 88' lang='lat'><em>&#39;</em></span> <span class='ocrx_word' id='word_1_34' title='bbox 350 1417 571 1517; x_wconf 86' lang='lat' dir='ltr'><strong>Nymphius,</strong></span> <span class='ocrx_word' id='word_1_35' title='bbox 597 1417 775 1519; x_wconf 86' lang='lat' dir='ltr'>principes</span> <span class='ocrx_word' id='word_1_36' title='bbox 796 1418 960 1507; x_wconf 87' lang='lat' dir='ltr'>civitatis,</span> <span class='ocrx_word' id='word_1_37' title='bbox 993 1417 1259 1494; x_wconf 90' lang='lat' dir='ltr'>communicato</span> <span class='ocrx_word' id='word_1_38' title='bbox 1274 1418 1330 1492; x_wconf 89' lang='lat' dir='ltr'>in-</span> 
     </span>
     <span class='ocr_line' id='line_1_8' title="bbox 351 1535 1329 1638; baseline 0.003 -27"><span class='ocrx_word' id='word_1_39' title='bbox 351 1559 401 1611; x_wconf 89' lang='lat' dir='ltr'>ter</span> <span class='ocrx_word' id='word_1_40' title='bbox 416 1535 450 1612; x_wconf 83' lang='lat' dir='ltr'>se</span> <span class='ocrx_word' id='word_1_41' title='bbox 469 1537 624 1626; x_wconf 86' lang='lat' dir='ltr'>confilio,</span> <span class='ocrx_word' id='word_1_42' title='bbox 655 1560 767 1637; x_wconf 90' lang='lat' dir='ltr'>partes</span> <span class='ocrx_word' id='word_1_43' title='bbox 793 1540 934 1612; x_wconf 88' lang='lat' dir='ltr'>adrem</span> <span class='ocrx_word' id='word_1_44' title='bbox 959 1539 1134 1638; x_wconf 76' lang='lat' dir='ltr'>agendam</span> <span class='ocrx_word' id='word_1_45' title='bbox 1167 1538 1329 1629; x_wconf 86' lang='lat' dir='ltr'>divisere,</span> 
     </span>
     <span class='ocr_line' id='line_1_9' title="bbox 349 1656 1330 1760; baseline 0.002 -28"><span class='ocrx_word' id='word_1_46' title='bbox 349 1677 391 1732; x_wconf 92' lang='lat' dir='ltr'>ut</span> <span class='ocrx_word' id='word_1_47' title='bbox 407 1660 492 1732; x_wconf 88' lang='lat' dir='ltr'>alter</span> <span class='ocrx_word' id='word_1_48' title='bbox 518 1660 563 1732; x_wconf 90' lang='lat' dir='ltr'>ad</span> <span class='ocrx_word' id='word_1_49' title='bbox 588 1656 834 1757; x_wconf 87' lang='lat' dir='ltr'>imperatorem</span> <span class='ocrx_word' id='word_1_50' title='bbox 859 1662 1108 1733; x_wconf 85' lang='lat' dir='ltr'>Romanorum</span> <span class='ocrx_word' id='word_1_51' title='bbox 1135 1659 1330 1760; x_wconf 82' lang='lat' dir='ltr'>transfuge-</span> 
     </span>
     <span class='ocr_line' id='line_1_10' title="bbox 349 1777 1330 1878; baseline 0 -25"><span class='ocrx_word' id='word_1_52' title='bbox 349 1801 414 1866; x_wconf 88' lang='lat' dir='ltr'>ret,</span> <span class='ocrx_word' id='word_1_53' title='bbox 445 1782 529 1853; x_wconf 89' lang='lat' dir='ltr'>alter</span> <span class='ocrx_word' id='word_1_54' title='bbox 545 1777 737 1854; x_wconf 77' lang='lat' dir='ltr'>subsisteret</span> <span class='ocrx_word' id='word_1_55' title='bbox 756 1781 802 1853; x_wconf 85' lang='lat' dir='ltr'>ad</span> <span class='ocrx_word' id='word_1_56' title='bbox 831 1780 1068 1878; x_wconf 86' lang='lat' dir='ltr'>praebendam</span> <span class='ocrx_word' id='word_1_57' title='bbox 1091 1800 1330 1878; x_wconf 85' lang='lat' dir='ltr'>opportunam</span> 
     </span>
     <span class='ocr_line' id='line_1_11' title="bbox 350 1897 1330 1996; baseline 0.001 -22"><span class='ocrx_word' id='word_1_58' title='bbox 350 1897 493 1974; x_wconf 80' lang='lat' dir='ltr'>consilio</span> <span class='ocrx_word' id='word_1_59' title='bbox 506 1903 644 1975; x_wconf 91' lang='lat' dir='ltr'>urbem.</span> <span class='ocrx_word' id='word_1_60' title='bbox 694 1899 875 1974; x_wconf 84' lang='lat' dir='ltr'>Charilaus</span> <span class='ocrx_word' id='word_1_61' title='bbox 888 1898 969 1986; x_wconf 83' lang='lat' dir='ltr'>fuit,</span> <span class='ocrx_word' id='word_1_62' title='bbox 993 1897 1057 1996; x_wconf 91' lang='lat' dir='ltr'>qui</span> <span class='ocrx_word' id='word_1_63' title='bbox 1071 1900 1116 1972; x_wconf 89' lang='lat' dir='ltr'>ad</span> <span class='ocrx_word' id='word_1_64' title='bbox 1129 1898 1330 1976; x_wconf 88' lang='lat' dir='ltr'>Publilium</span> 
     </span>
     <span class='ocr_line' id='line_1_12' title="bbox 350 2017 1330 2118; baseline 0 -24"><span class='ocrx_word' id='word_1_65' title='bbox 350 2017 539 2094; x_wconf 89' lang='lat' dir='ltr'>Philonem</span> <span class='ocrx_word' id='word_1_66' title='bbox 568 2020 681 2094; x_wconf 88' lang='lat' dir='ltr'>venit:</span> <span class='ocrx_word' id='word_1_67' title='bbox 724 2024 772 2108; x_wconf 72' lang='grc' dir='ltr'>ἃ,</span> <span class='ocrx_word' id='word_1_68' title='bbox 806 2030 832 2063; x_wconf 87' lang='grc'>“</span> <span class='ocrx_word' id='word_1_69' title='bbox 850 2019 951 2118; x_wconf 93' lang='lat' dir='ltr'>quod</span> <span class='ocrx_word' id='word_1_70' title='bbox 981 2022 1133 2106; x_wconf 90' lang='lat' dir='ltr'>bonurn,</span> <span class='ocrx_word' id='word_1_71' title='bbox 1159 2018 1330 2109; x_wconf 85' lang='lat' dir='ltr'>faustum,</span> 
     </span>
     <span class='ocr_line' id='line_1_13' title="bbox 352 2139 1330 2238; baseline 0.001 -25"><span class='ocrx_word' id='word_1_72' title='bbox 352 2139 482 2213; x_wconf 85' lang='lat' dir='ltr'>“felix</span> <span class='ocrx_word' id='word_1_73' title='bbox 509 2139 774 2238; x_wconf 87' lang='lat' dir='ltr'>Palaepolitanis</span> <span class='ocrx_word' id='word_1_74' title='bbox 803 2141 1011 2238; x_wconf 88' lang='lat' dir='ltr'>populoque</span> <span class='ocrx_word' id='word_1_75' title='bbox 1037 2141 1207 2213; x_wconf 89' lang='lat' dir='ltr'>Romano</span> <span class='ocrx_word' id='word_1_76' title='bbox 1232 2143 1330 2228; x_wconf 84' lang='lat' dir='ltr'>effet,</span> 
     </span>
     <span class='ocr_line' id='line_1_14' title="bbox 352 2257 1331 2347; baseline 0.001 -15"><span class='ocrx_word' id='word_1_77' title='bbox 352 2259 530 2333; x_wconf 88' lang='lat' dir='ltr'>“tradere</span> <span class='ocrx_word' id='word_1_78' title='bbox 559 2257 628 2346; x_wconf 90' lang='lat' dir='ltr'>se,&#39;’</span> <span class='ocrx_word' id='word_1_79' title='bbox 655 2265 715 2347; x_wconf 86' lang='lat' dir='ltr'>ait,</span> <span class='ocrx_word' id='word_1_80' title='bbox 744 2257 928 2334; x_wconf 87' lang='lat' dir='ltr'>“moenia</span> <span class='ocrx_word' id='word_1_81' title='bbox 951 2257 1112 2333; x_wconf 77' lang='lat' dir='ltr'>statuisse.</span> <span class='ocrx_word' id='word_1_82' title='bbox 1163 2261 1219 2334; x_wconf 91' lang='lat' dir='ltr'>Eo</span> <span class='ocrx_word' id='word_1_83' title='bbox 1236 2259 1331 2334; x_wconf 68' lang='lat' dir='ltr'>fado</span> 
     </span>
     <span class='ocr_line' id='line_1_15' title="bbox 351 2377 1330 2477; baseline 0.003 -26"><span class='ocrx_word' id='word_1_84' title='bbox 351 2387 515 2452; x_wconf 87' lang='lat' dir='ltr'>“utrum</span> <span class='ocrx_word' id='word_1_85' title='bbox 532 2381 577 2452; x_wconf 91' lang='lat' dir='ltr'>ab</span> <span class='ocrx_word' id='word_1_86' title='bbox 605 2377 638 2452; x_wconf 90' lang='lat' dir='ltr'>se</span> <span class='ocrx_word' id='word_1_87' title='bbox 663 2379 816 2477; x_wconf 90' lang='lat' dir='ltr'>prodita,</span> <span class='ocrx_word' id='word_1_88' title='bbox 845 2405 891 2452; x_wconf 89' lang='lat' dir='ltr'>an</span> <span class='ocrx_word' id='word_1_89' title='bbox 907 2377 1047 2466; x_wconf 86' lang='lat' dir='ltr'>servata,</span> <span class='ocrx_word' id='word_1_90' title='bbox 1073 2377 1186 2477; x_wconf 87' lang='lat' dir='ltr'>patria</span> <span class='ocrx_word' id='word_1_91' title='bbox 1208 2378 1330 2454; x_wconf 83' lang='lat' dir='ltr'>videa-</span> 
     </span>
     <span class='ocr_line' id='line_1_16' title="bbox 352 2497 1331 2598; baseline 0.003 -27"><span class='ocrx_word' id='word_1_92' title='bbox 352 2508 378 2541; x_wconf 92' lang='lat'><strong>“</strong></span> <span class='ocrx_word' id='word_1_93' title='bbox 397 2518 466 2585; x_wconf 91' lang='lat' dir='ltr'>tur,</span> <span class='ocrx_word' id='word_1_94' title='bbox 494 2497 532 2572; x_wconf 93' lang='lat' dir='ltr'>in</span> <span class='ocrx_word' id='word_1_95' title='bbox 557 2499 628 2572; x_wconf 90' lang='lat' dir='ltr'>fide</span> <span class='ocrx_word' id='word_1_96' title='bbox 651 2501 818 2574; x_wconf 89' lang='lat' dir='ltr'>Romana</span> <span class='ocrx_word' id='word_1_97' title='bbox 832 2503 982 2598; x_wconf 80' lang='lat' dir='ltr'>positum</span> <span class='ocrx_word' id='word_1_98' title='bbox 999 2501 1077 2574; x_wconf 84' lang='lat' dir='ltr'>effe.</span> <span class='ocrx_word' id='word_1_99' title='bbox 1125 2499 1201 2574; x_wconf 88' lang='lat' dir='ltr'>Sibi</span> <span class='ocrx_word' id='word_1_100' title='bbox 1215 2497 1331 2598; x_wconf 84' lang='lat' dir='ltr'>priva·</span> 
     </span>
     <span class='ocr_line' id='line_1_17' title="bbox 353 2616 1330 2717; baseline 0.002 -25"><span class='ocrx_word' id='word_1_101' title='bbox 353 2616 463 2692; x_wconf 91' lang='lat' dir='ltr'>“tim</span> <span class='ocrx_word' id='word_1_102' title='bbox 487 2643 553 2693; x_wconf 87' lang='lat' dir='ltr'>nec</span> <span class='ocrx_word' id='word_1_103' title='bbox 580 2616 706 2716; x_wconf 87' lang='lat' dir='ltr'>pacisci</span> <span class='ocrx_word' id='word_1_104' title='bbox 733 2617 947 2717; x_wconf 87' lang='lat' dir='ltr'>quidquam,</span> <span class='ocrx_word' id='word_1_105' title='bbox 980 2645 1047 2693; x_wconf 88' lang='lat' dir='ltr'>nec</span> <span class='ocrx_word' id='word_1_106' title='bbox 1069 2641 1202 2716; x_wconf 90' lang='lat' dir='ltr'>petere:</span> <span class='ocrx_word' id='word_1_107' title='bbox 1237 2624 1330 2717; x_wconf 84' lang='lat' dir='ltr'>pub-</span> 
     </span>
     <span class='ocr_line' id='line_1_18' title="bbox 352 2737 1334 2838; baseline 0.001 -26"><span class='ocrx_word' id='word_1_108' title='bbox 352 2738 463 2814; x_wconf 89' lang='lat' dir='ltr'>“lice</span> <span class='ocrx_word' id='word_1_109' title='bbox 488 2761 617 2836; x_wconf 89' lang='lat' dir='ltr'>petere,</span> <span class='ocrx_word' id='word_1_110' title='bbox 647 2763 756 2836; x_wconf 90' lang='lat' dir='ltr'>quam</span> <span class='ocrx_word' id='word_1_111' title='bbox 786 2737 926 2836; x_wconf 87' lang='lat' dir='ltr'>pacisci,</span> <span class='ocrx_word' id='word_1_112' title='bbox 962 2737 1088 2838; x_wconf 84' lang='lat' dir='ltr'>magis,</span> <span class='ocrx_word' id='word_1_113' title='bbox 1120 2761 1174 2826; x_wconf 92' lang='lat' dir='ltr'>ut,</span> <span class='ocrx_word' id='word_1_114' title='bbox 1199 2741 1223 2812; x_wconf 84' lang='lat' dir='ltr'>fi</span> <span class='ocrx_word' id='word_1_115' title='bbox 1252 2738 1334 2825; x_wconf 67' lang='lat' dir='ltr'>suo,</span> 
     </span>
     <span class='ocr_line' id='line_1_19' title="bbox 353 2857 1329 2958; baseline 0.001 -27"><span class='ocrx_word' id='word_1_116' title='bbox 353 2867 378 2902; x_wconf 92' lang='lat'>“</span> <span class='ocrx_word' id='word_1_117' title='bbox 396 2860 536 2931; x_wconf 86' lang='lat' dir='ltr'>ceffiffet</span> <span class='ocrx_word' id='word_1_118' title='bbox 562 2858 782 2958; x_wconf 89' lang='lat' dir='ltr'>incoeptum,</span> <span class='ocrx_word' id='word_1_119' title='bbox 812 2857 982 2957; x_wconf 83' lang='lat' dir='ltr'>cogitaret</span> <span class='ocrx_word' id='word_1_120' title='bbox 1011 2861 1164 2956; x_wconf 93' lang='lat' dir='ltr'>populus</span> <span class='ocrx_word' id='word_1_121' title='bbox 1194 2861 1329 2932; x_wconf 90' lang='lat' dir='ltr'>Roma·</span> 
     </span>
     <span class='ocr_line' id='line_1_20' title="bbox 353 2977 1329 3078; baseline 0.002 -29"><span class='ocrx_word' id='word_1_122' title='bbox 353 2988 378 3020; x_wconf 87' lang='lat'><strong>“</strong></span> <span class='ocrx_word' id='word_1_123' title='bbox 397 3001 477 3064; x_wconf 91' lang='lat' dir='ltr'>nus,</span> <span class='ocrx_word' id='word_1_124' title='bbox 503 2977 621 3076; x_wconf 89' lang='lat' dir='ltr'>potius</span> <span class='ocrx_word' id='word_1_125' title='bbox 644 3003 728 3052; x_wconf 91' lang='lat' dir='ltr'>cum</span> <span class='ocrx_word' id='word_1_126' title='bbox 745 2999 880 3078; x_wconf 89' lang='lat' dir='ltr'>quantu</span> <span class='ocrx_word' id='word_1_127' title='bbox 900 2977 1017 3052; x_wconf 92' lang='lat' dir='ltr'>studio</span> <span class='ocrx_word' id='word_1_128' title='bbox 1028 2978 1260 3077; x_wconf 90' lang='lat' dir='ltr'>periculoque</span> <span class='ocrx_word' id='word_1_129' title='bbox 1277 3005 1329 3052; x_wconf 89' lang='lat' dir='ltr'>re-</span> 
     </span>
     <span class='ocr_line' id='line_1_21' title="bbox 352 3095 1329 3198; baseline -0.002 -26"><span class='ocrx_word' id='word_1_130' title='bbox 352 3108 379 3140; x_wconf 91' lang='lat'><strong>“</strong></span> <span class='ocrx_word' id='word_1_131' title='bbox 397 3095 516 3172; x_wconf 88' lang='lat' dir='ltr'>ditum</span> <span class='ocrx_word' id='word_1_132' title='bbox 533 3096 570 3170; x_wconf 93' lang='lat' dir='ltr'>in</span> <span class='ocrx_word' id='word_1_133' title='bbox 590 3097 781 3172; x_wconf 86' lang='lat' dir='ltr'>amicitiam</span> <span class='ocrx_word' id='word_1_134' title='bbox 792 3097 889 3172; x_wconf 89' lang='lat' dir='ltr'>suam</span> <span class='ocrx_word' id='word_1_135' title='bbox 905 3101 1000 3186; x_wconf 75' lang='lat' dir='ltr'>effer,</span> <span class='ocrx_word' id='word_1_136' title='bbox 1035 3125 1143 3198; x_wconf 92' lang='lat' dir='ltr'>quam</span> <span class='ocrx_word' id='word_1_137' title='bbox 1157 3123 1230 3196; x_wconf 91' lang='lat' dir='ltr'>qua</span> <span class='ocrx_word' id='word_1_138' title='bbox 1245 3098 1329 3172; x_wconf 91' lang='lat' dir='ltr'>stul-</span> 
     </span>
     <span class='ocr_line' id='line_1_22' title="bbox 353 3217 1329 3294; baseline -0.002 -2"><span class='ocrx_word' id='word_1_139' title='bbox 353 3218 475 3294; x_wconf 89' lang='lat' dir='ltr'>“titia</span> <span class='ocrx_word' id='word_1_140' title='bbox 501 3221 536 3292; x_wconf 80' lang='lat' dir='ltr'>St</span> <span class='ocrx_word' id='word_1_141' title='bbox 559 3217 750 3292; x_wconf 90' lang='lat' dir='ltr'>temeritate</span> <span class='ocrx_word' id='word_1_142' title='bbox 775 3220 820 3292; x_wconf 94' lang='lat' dir='ltr'>de</span> <span class='ocrx_word' id='word_1_143' title='bbox 837 3219 956 3293; x_wconf 88' lang='lat' dir='ltr'>officio</span> <span class='ocrx_word' id='word_1_144' title='bbox 971 3220 1185 3293; x_wconf 86' lang='lat' dir='ltr'>deceffum.&#39;&#39;</span> <span class='ocrx_word' id='word_1_145' title='bbox 1233 3220 1329 3292; x_wconf 89' lang='lat' dir='ltr'>Con-</span> 
     </span>
     <span class='ocr_line' id='line_1_23' title="bbox 352 3337 1330 3437; baseline 0 -25"><span class='ocrx_word' id='word_1_146' title='bbox 352 3339 515 3422; x_wconf 85' lang='lat' dir='ltr'>laudatus</span> <span class='ocrx_word' id='word_1_147' title='bbox 540 3341 586 3413; x_wconf 93' lang='lat' dir='ltr'>ab</span> <span class='ocrx_word' id='word_1_148' title='bbox 603 3337 809 3437; x_wconf 88' lang='lat' dir='ltr'>imperatore</span> <span class='ocrx_word' id='word_1_149' title='bbox 826 3337 892 3414; x_wconf 88' lang='lat' dir='ltr'>tria</span> <span class='ocrx_word' id='word_1_150' title='bbox 907 3337 1020 3413; x_wconf 89' lang='lat' dir='ltr'>millia</span> <span class='ocrx_word' id='word_1_151' title='bbox 1032 3337 1253 3412; x_wconf 81' lang='lat' dir='ltr'>militumad</span> <span class='ocrx_word' id='word_1_152' title='bbox 1268 3364 1330 3413; x_wconf 94' lang='lat' dir='ltr'>oc-</span> 
     </span>
     <span class='ocr_line' id='line_1_24' title="bbox 354 3458 1330 3560; baseline 0.002 -29"><span class='ocrx_word' id='word_1_153' title='bbox 354 3459 556 3556; x_wconf 89' lang='lat' dir='ltr'>cupandam</span> <span class='ocrx_word' id='word_1_154' title='bbox 587 3483 665 3532; x_wconf 82' lang='lat' dir='ltr'>earn</span> <span class='ocrx_word' id='word_1_155' title='bbox 693 3480 829 3557; x_wconf 90' lang='lat' dir='ltr'>partem</span> <span class='ocrx_word' id='word_1_156' title='bbox 859 3458 970 3548; x_wconf 90' lang='lat' dir='ltr'>urbis,</span> <span class='ocrx_word' id='word_1_157' title='bbox 1016 3485 1126 3560; x_wconf 83' lang='lat' dir='ltr'>quarn</span> <span class='ocrx_word' id='word_1_158' title='bbox 1156 3458 1330 3533; x_wconf 84' lang='lat' dir='ltr'>Samnites</span> 
     </span>
     <span class='ocr_line' id='line_1_25' title="bbox 353 3575 1330 3680; baseline 0.003 -31"><span class='ocrx_word' id='word_1_159' title='bbox 353 3575 560 3665; x_wconf 79' lang='lat' dir='ltr'>insidebant,</span> <span class='ocrx_word' id='word_1_160' title='bbox 603 3577 757 3677; x_wconf 88' lang='lat' dir='ltr'>accepit:</span> <span class='ocrx_word' id='word_1_161' title='bbox 803 3579 971 3677; x_wconf 81' lang='lat' dir='ltr'>praesidio</span> <span class='ocrx_word' id='word_1_162' title='bbox 995 3579 1028 3652; x_wconf 90' lang='lat' dir='ltr'>ei</span> <span class='ocrx_word' id='word_1_163' title='bbox 1056 3583 1104 3656; x_wconf 69' lang='lat' dir='ltr'>L,</span> <span class='ocrx_word' id='word_1_164' title='bbox 1135 3577 1330 3680; x_wconf 70' lang='lat' dir='ltr'>Qunctius</span> 
     </span>
     <span class='ocr_line' id='line_1_26' title="bbox 351 3695 924 3796; baseline 0.003 -26"><span class='ocrx_word' id='word_1_165' title='bbox 351 3695 515 3771; x_wconf 89' lang='lat' dir='ltr'>tribunus</span> <span class='ocrx_word' id='word_1_166' title='bbox 531 3695 687 3772; x_wconf 90' lang='lat' dir='ltr'>militum</span> <span class='ocrx_word' id='word_1_167' title='bbox 703 3703 924 3796; x_wconf 79' lang='lat' dir='ltr'>praepositus.</span> 
     </span>
    </p>

    <p class='ocr_par' dir='ltr' id='par_1_3' title="bbox 353 3820 1333 4157">
     <span class='ocr_line' id='line_1_27' title="bbox 401 3820 1330 3920; baseline 0 -28"><span class='ocrx_word' id='word_1_168' title='bbox 401 3820 539 3892; x_wconf 90' lang='lat' dir='ltr'>XXVI.</span> <span class='ocrx_word' id='word_1_169' title='bbox 567 3820 706 3892; x_wconf 87' lang='lat' dir='ltr'>Eodem</span> <span class='ocrx_word' id='word_1_170' title='bbox 734 3839 892 3915; x_wconf 87' lang='lat' dir='ltr'>tempore</span> <span class='ocrx_word' id='word_1_171' title='bbox 913 3824 946 3894; x_wconf 79' lang='lat' dir='ltr'>St</span> <span class='ocrx_word' id='word_1_172' title='bbox 971 3820 1178 3920; x_wconf 90' lang='lat' dir='ltr'>Nymphius</span> <span class='ocrx_word' id='word_1_173' title='bbox 1193 3840 1330 3916; x_wconf 92' lang='lat' dir='ltr'>praeto-</span> 
     </span>
     <span class='ocr_line' id='line_1_28' title="bbox 353 3937 1330 4040; baseline -0.003 -26"><span class='ocrx_word' id='word_1_174' title='bbox 353 3965 428 4014; x_wconf 89' lang='lat' dir='ltr'>rem</span> <span class='ocrx_word' id='word_1_175' title='bbox 456 3937 669 4014; x_wconf 89' lang='lat' dir='ltr'>Samnitium</span> <span class='ocrx_word' id='word_1_176' title='bbox 708 3961 780 4014; x_wconf 89' lang='lat' dir='ltr'>arte</span> <span class='ocrx_word' id='word_1_177' title='bbox 809 3942 986 4039; x_wconf 81' lang='lat' dir='ltr'>adgrellus</span> <span class='ocrx_word' id='word_1_178' title='bbox 1020 3941 1234 4040; x_wconf 87' lang='lat' dir='ltr'>perpulerat,</span> <span class='ocrx_word' id='word_1_179' title='bbox 1275 3960 1330 4027; x_wconf 92' lang='lat' dir='ltr'>ut,</span> 
     </span>
     <span class='ocr_line' id='line_1_29' title="bbox 354 4057 1333 4157; baseline 0.002 -25"><span class='ocrx_word' id='word_1_180' title='bbox 354 4057 525 4157; x_wconf 88' lang='lat' dir='ltr'>quoniam</span> <span class='ocrx_word' id='word_1_181' title='bbox 554 4058 670 4135; x_wconf 86' lang='lat' dir='ltr'>omnis</span> <span class='ocrx_word' id='word_1_182' title='bbox 712 4062 901 4136; x_wconf 87' lang='lat' dir='ltr'>Romanus</span> <span class='ocrx_word' id='word_1_183' title='bbox 941 4061 1115 4138; x_wconf 86' lang='lat' dir='ltr'>exercitus</span> <span class='ocrx_word' id='word_1_184' title='bbox 1143 4082 1207 4138; x_wconf 91' lang='lat' dir='ltr'>aut</span> <span class='ocrx_word' id='word_1_185' title='bbox 1239 4060 1333 4142; x_wconf 87' lang='lat' dir='ltr'>circa</span> 
     </span>
    </p>
   </div>
   <div class='ocr_carea' id='block_1_3' title="bbox 0 0 1544 5342">
    <p class='ocr_par' dir='ltr' id='par_1_4' title="bbox 0 0 1544 5342">
     <span class='ocr_line' id='line_1_30' title="bbox 0 0 1544 5342; baseline 0 0"><span class='ocrx_word' id='word_1_186' title='bbox 0 0 1544 5342; x_wconf 95' lang='lat' dir='ltr'> </span> 
     </span>
    </p>
   </div>
  </div>
 </body>
</html>
