3067 5342
424 709 499 804 364
760 703 1074 780 T.L1v11

471 875 590 950 xv11.
616 874 720 950 Nihil
734 875 854 951 minus
870 881 1066 976 quaefitum
1096 903 1118 952 a
1146 875 1318 977 principio
1333 881 1391 953 liu-

413 996 474 1092 jus
489 993 605 1092 operis
631 993 746 1070 rideri
773 995 899 1094 potest,
929 1023 1039 1096 quarn
1065 1018 1107 1071 ut
1131 1000 1212 1096 plus
1233 998 1326 1094 justo
1350 1001 1391 1072 ab

416 1139 535 1190 rerum
550 1115 675 1188 ordine
691 1115 925 1202 declinarem3
955 1115 1252 1216 varietatibusque
1277 1117 1389 1192 distin·

419 1235 567 1337 guendo
599 1259 717 1332 opere,
754 1237 789 1308 δι
823 1233 1023 1334 legentibus
1056 1238 1154 1312 velut
1191 1236 1393 1312 deverticula

419 1377 582 1442 amoena,
609 1357 644 1428 δι
675 1353 836 1452 requiem
852 1353 973 1428 animo
999 1381 1081 1430 meo
1107 1381 1325 1454 quaererem:
1349 1377 1393 1432 ta·

419 1499 505 1548 men
531 1472 619 1548 tanti
650 1471 743 1572 regis
775 1499 816 1550 ae
850 1472 952 1549 ducis
967 1475 1118 1565 mentio,
1150 1475 1283 1576 quibus
1304 1473 1392 1574 saepe

419 1591 535 1668 tacitis
549 1591 827 1692 cogitationibus
845 1594 1019 1670 volutavit
1034 1595 1213 1685 animum,
1241 1621 1296 1670 eas
1318 1619 1391 1668 evo·

416 1734 474 1790 cat
486 1711 525 1786 in
539 1711 719 1786 medium:
742 1733 785 1786 ut
801 1739 965 1812 quaerere
979 1715 1100 1803 libeat,
1130 1715 1280 1814 quinam
1296 1738 1391 1788 even·

417 1855 477 1908 tus
489 1829 665 1906 Romanis
678 1834 797 1921 rebus,
823 1835 846 1906 li
877 1857 962 1908 cum
988 1836 1193 1910 Alexandro
1222 1834 1309 1910 foret
1326 1834 1391 1908 bel·

415 1955 541 2041 larum,
560 1949 702 2027 futurus
718 1950 836 2027 meria
885 1952 1087 2030 Plurimum
1104 1953 1143 2029 in
1160 1956 1255 2031 bello
1270 1955 1390 2052 pollere

415 2073 583 2148 ridentur
598 2071 756 2147 militum
773 2068 877 2169 copia
893 2077 927 2148 δι
943 2073 1068 2163 virtus,
1093 2073 1238 2175 ingenia
1254 2073 1389 2172 impera

414 2215 548 2281 torum,
579 2190 720 2266 fortuna
747 2219 810 2290 per
835 2193 957 2271 omnia
972 2195 1143 2284 humana,
1178 2193 1329 2270 maxime
1357 2189 1390 2264 in

414 2340 469 2388 res
495 2311 651 2398 bellicas,
680 2331 817 2408 potens.
868 2315 933 2402 Ea,
962 2317 996 2388 δι
1026 2315 1161 2412 singula
1185 2310 1387 2388 inruenti&

413 2429 585 2518 universa,
610 2433 697 2504 licut
722 2433 768 2506 ab
797 2429 873 2506 aliis
900 2433 1044 2532 regibus
1076 2433 1325 2533 gentibusque,
1345 2429 1389 2504 ita

412 2555 458 2628 ab
474 2554 544 2626 boc
561 2574 722 2650 quoque,
748 2549 849 2626 facile
876 2552 1050 2651 praestant
1072 2553 1249 2630 inviarum
1265 2555 1387 2627 Roma·

413 2698 502 2747 num
518 2670 722 2770 imperium.
771 2673 853 2767 Jam
876 2669 1047 2770 primum,
1071 2691 1114 2747 ut
1135 2673 1254 2748 ordiar
1269 2675 1313 2748 ab
1327 2671 1386 2744 du-

411 2793 515 2868 cibus
531 2789 790 2889 comparandis,
817 2791 915 2864 haud
939 2789 1109 2890 equidem
1134 2796 1270 2882 abnuo,
1298 2815 1386 2890 egro

412 2910 515 3010 gium
543 2912 675 2986 ducem
700 2909 802 2984 fuiffe
819 2910 1092 2998 Alexandrum
1126 2911 1188 2988 sed
1214 2909 1384 2990 clariorem

411 3051 622 3106 tamencum
638 3029 735 3119 facit,
751 3031 852 3130 quod
869 3054 962 3103 unus
978 3027 1060 3119 fuit,
1077 3033 1181 3127 quod
1197 3030 1386 3108 adolescens

413 3153 451 3227 in
468 3153 687 3227 incremento
714 3175 846 3238 rerum,
877 3149 1040 3224 nondum
1057 3151 1201 3226 alteram
1219 3150 1384 3226 fortunam

351 3345 355 3348 ,
413 3293 590 3371 expertus,
607 3271 758 3345 deceffit.
801 3271 857 3344 Ut
873 3268 959 3342 alios
975 3293 1073 3368 reges
1090 3271 1202 3346 claros
1217 3268 1385 3367 ducesque

412 3393 590 3478 omittam,
615 3415 745 3489 magna
771 3390 932 3487 exempla
962 3387 1108 3464 casuum
1134 3392 1382 3473 humanorum

411 3512 562 3610 Cyrum,
578 3533 688 3607 quem
703 3506 861 3582 maxime
879 3507 1006 3582 Graeci
1020 3508 1187 3584 laudibus
1204 3512 1383 3592 celebrant,

413 3628 518 3731 quid,
544 3627 606 3702 nisr
622 3629 730 3726 longa
743 3627 830 3715 vira,
864 3629 951 3701 ficut
965 3623 1146 3727 Magnum
1163 3631 1273 3705 modo
1285 3631 1383 3704 Porn-

411 3752 546 3851 pejum,
575 3745 724 3824 vertenti
752 3745 913 3845 praebuit
937 3745 1124 3820 fortunae?
1174 3745 1382 3824 Recensearn

410 3873 520 3946 duces
549 3870 747 3954 Romanos,
774 3893 840 3944 nec
867 3891 990 3940 omnes
1015 3865 1180 3944 omnium
1209 3864 1381 3948 aetatium,

410 3988 472 4064 led
487 3987 578 4087 ipsos
594 4013 668 4075 eos,
694 4011 780 4062 cum
803 3985 935 4085 quibus
961 3985 1165 4062 consulibus
1191 4007 1253 4062 aut
1280 3982 1381 4058 dim-

409 4107 545 4185 toribus
562 4107 768 4183 Alexandro
785 4103 854 4180 fuit
870 4107 1096 4197 bellandum3
1126 4109 1185 4184 M.
1210 4103 1380 4182 Valerium
