3067 5342
510 666 741 746 Linon
794 666 856 739 VI.
1106 688 1171 763 117

191 838 320 923 bonae,
347 838 434 910 esse:
469 842 517 925 δι,
545 864 619 911 non
639 858 827 913 contentus
852 832 992 935 agrariis
1017 832 1171 933 legibus,

188 980 282 1052 quae
312 956 457 1031 materia
483 956 616 1055 semper
646 958 798 1032 tribunis
828 955 925 1055 plebi
955 953 1171 1031 seditionum

187 1074 319 1163 fuisset,
347 1076 457 1151 fidem
483 1076 600 1152 moliri
624 1076 753 1176 coepit.
804 1087 828 1119 “
848 1073 1012 1149 Acriores
1035 1076 1171 1175 quippe

189 1206 214 1239 “
232 1195 321 1269 aeris
350 1195 455 1270 alieni
484 1197 643 1271 stimulos
670 1199 749 1285 effe,
785 1195 850 1294 qui
876 1222 949 1269 non
981 1196 1170 1295 egestatem

188 1326 212 1359 “
230 1317 344 1389 modo
364 1338 471 1415 atque
489 1316 725 1416 ignominiam
754 1315 947 1403 minentur,
980 1313 1039 1390 sed
1062 1344 1170 1393 nervo

187 1444 272 1509 “ac
290 1434 442 1509 vinculis
465 1463 593 1535 corpus
610 1436 763 1511 liberum
787 1436 978 1511 territent.'’
1029 1440 1077 1511 Et
1098 1459 1170 1513 erat

186 1553 274 1629 aeris
287 1555 394 1629 alieni
408 1582 537 1655 magna
550 1556 616 1645 vis,
634 1582 669 1631 re
687 1559 942 1631 damnosissima
954 1554 1061 1630 etiarn
1077 1556 1168 1632 divi·
1262 1540 1265 1545 ⁵

186 1673 298 1763 tibus,
317 1676 538 1751 aedificando
551 1679 739 1752 contrasta
790 1680 928 1751 Bellum
945 1676 1066 1776 itaque
1082 1679 1168 1776 Vol-

187 1792 301 1883 scum,
327 1822 432 1895 grave
456 1795 588 1895 perse,
614 1819 798 1870 oneratum
823 1795 1038 1870 Latinorum
1060 1818 1167 1895 atque

186 1915 433 1990 Hernicorum
450 1914 662 2003 defossione,
688 1914 727 1990 in
743 1914 896 2013 speciem
912 1917 1047 1989 caussae
1058 1917 1167 2013 jassa-

187 2054 282 2121 tum,
316 2057 359 2108 ut
384 2037 495 2131 major
517 2036 666 2133 potestas
692 2055 927 2133 quaereretur.
977 2039 1048 2110 Sed
1074 2062 1167 2111 nova

186 2154 328 2229 consilia
354 2155 487 2229 Manlii
502 2153 616 2254 magis
635 2157 838 2252 compulere
861 2153 1020 2229 senatum
1043 2158 1089 2230 ad
1111 2156 1165 2230 di-

186 2276 356 2349 &atorem
384 2276 588 2349 creandum.
638 2276 784 2348 Creatus
804 2280 851 2348 A.
874 2274 1058 2349 Cornelius
1081 2274 1166 2349 Cos-

185 2392 242 2468 sus
257 2393 466 2493 magistrum
483 2394 648 2492 equitum
658 2392 752 2468 dixit
763 2396 812 2469 T.
828 2394 1045 2495 Qrinsiium
1059 2395 1164 2495 Capi-

185 2512 351 2589 tolinum.

232 2636 319 2709 XII.
345 2632 519 2722 Dislator,
542 2637 603 2707 etfi
619 2634 786 2730 majorem
802 2632 1069 2737 dimicationem
1084 2661 1165 2731 pto-

184 2756 330 2853 politam
354 2753 469 2841 domi,
492 2779 602 2850 quam
619 2751 715 2842 soris,
733 2755 897 2828 cernebat
903 2786 915 2840 ς
941 2774 1073 2842 tamen,
1104 2754 1163 2829 seu

183 2872 270 2970 quia
290 2872 465 2947 celeritate
487 2874 534 2947 ad
557 2874 693 2947 bellum
715 2898 806 2971 opus
828 2894 911 2959 erat,
935 2870 993 2946 seu
1016 2873 1164 2948 victoria

183 2992 438 3091 triumphoque
452 2992 644 3067 dislaturae
656 2992 719 3090 ipsi
734 2992 825 3067 vires
842 2991 874 3067 se
888 2992 1094 3067 additurum
1111 3020 1163 3067 ra·

183 3132 254 3199 tus,
276 3113 417 3185 delesiu
437 3111 559 3187 habito
578 3112 618 3187 in
636 3138 761 3210 agrum
780 3112 1028 3211 Pomptinum,
1049 3139 1124 3211 quo
1144 3140 1165 3187 a

180 3230 318 3307 Volscis
330 3232 528 3307 exercitum
541 3232 718 3307 indislum
731 3231 902 3319 audierat,
920 3232 1045 3331 pergit.
1071 3236 1159 3307 Non

181 3352 325 3440 dubito,
355 3374 489 3451 praeter
517 3351 722 3440 satietatem,
750 3372 804 3425 tot
822 3353 897 3448 jam
920 3351 1019 3428 libris
1033 3355 1163 3429 affidua

182 3474 276 3547 bella
299 3498 386 3547 cum
408 3469 542 3547 Volscis
565 3472 660 3571 gesta
681 3471 881 3570 legentibus
901 3471 992 3547 illud
1013 3499 1161 3573 quoque

183 3590 447 3679 subcursurum,
481 3593 599 3688 (quod
623 3590 714 3665 mihi
740 3589 957 3692 percensenti
983 3576 1160 3690 propiores

182 3710 402 3808 temporibus
428 3713 554 3785 harum
576 3736 693 3785 rerum
714 3714 873 3785 aussores
885 3710 1055 3786 miraculo
1073 3710 1157 3807 suit)

184 3829 281 3905 unde
308 3830 413 3908 toties
431 3829 533 3905 vislis
564 3828 759 3906 Volscis&
788 3828 926 3928 Aequis
948 3828 1161 3906 subsecerint

183 3949 324 4025 milites.
372 3952 485 4051 Qrod
499 3976 614 4049 quum
635 3953 681 4025 ab
702 3950 859 4048 antiquis
883 3950 1033 4026 tacitum
1061 3976 1158 4048 prae·

184 4069 449 4169 termissumque
475 4074 538 4158 s1t3
566 4070 667 4165 cujus
692 4071 837 4145 tandem
859 4096 927 4169 ego
949 4068 999 4145 rei
1024 4090 1159 4168 praeter
