3067 5342
446 747 519 816 402
770 723 1089 798 T.Lrvrr

452 913 531 968 unt.
590 891 669 970 Ubi
698 894 886 994 postquam
915 893 1076 970 stationes
1108 915 1257 992 quoque
1281 907 1414 986 receptas

454 1009 544 1087 intra
570 1012 795 1088 munimenta
824 1013 967 1102 sensere,
1009 1015 1141 1088 clamor
1171 1029 1310 1110 repente
1338 1005 1416 1080 circa

453 1133 564 1206 duces
585 1155 696 1222 ortus,
720 1155 764 1208 ut
794 1144 818 1176 “
837 1125 880 1208 eo
907 1131 969 1208 fibi
998 1159 1017 1206 e
1050 1130 1167 1207 castris
1196 1127 1325 1204 cibaria
1353 1126 1415 1220 ejus

455 1261 481 1296 “
499 1251 572 1327 diei
596 1251 746 1328 deserti”
770 1253 956 1350 juberent3
987 1249 1212 1326 “mansuros
1233 1247 1266 1322 se
1288 1244 1348 1320 sub
1373 1269 1416 1316 ar·

455 1383 482 1416 “
499 1371 582 1460 mis,
608 1375 643 1448 8:
667 1393 730 1446 aut
746 1373 863 1460 nocie,
892 1393 953 1446 aut
976 1393 1068 1446 terte
1089 1373 1171 1444 luce
1191 1365 1305 1466 prima
1327 1361 1417 1438 catha

402 1517 408 1526 ·
455 1492 655 1569 “hostium
673 1489 884 1567 invasuros.”
933 1489 1061 1566 Nihilo
1077 1487 1234 1589 quietior
1249 1488 1416 1560 Romanus

454 1613 631 1687 exercitus
647 1610 798 1710 imperio
812 1609 916 1686 ducis
931 1610 1144 1686 continetur.
1196 1605 1345 1684 Decima
1358 1617 1417 1674 erat

452 1729 524 1806 sere
540 1729 722 1818 dieihora,
750 1756 865 1829 quum
879 1729 1004 1805 cibum
1021 1755 1143 1828 capere
1161 1725 1283 1805 consul
1304 1719 1415 1799 milites

446 1849 575 1946 jubet;
611 1849 797 1948 praecipit,
824 1871 866 1924 ut
898 1849 935 1924 in
963 1848 1069 1924 armis
1094 1853 1173 1940 fint,
1205 1863 1415 1947 quacumque

453 1969 527 2044 diei
542 1967 696 2046 hostisve
713 1971 799 2044 hora
811 1973 949 2068 sgnum
963 1969 1111 2046 dederit.
1162 1965 1289 2044 Paucis
1304 1960 1414 2038 milites

452 2087 671 2188 adloquitur,
701 2088 915 2164 Samnitium
947 2091 1039 2165 bella
1067 2088 1221 2178 extollit,
1251 2087 1353 2160 elevat
1374 2081 1412 2154 u

454 2208 603 2284 truscos:
635 2219 660 2252 “
679 2235 746 2284 nee
770 2208 909 2294 hostem,
930 2208 1035 2298 hosti,
1067 2235 1132 2284 nec
1163 2201 1412 2285 multitudinem

456 2339 481 2374 “
499 2325 725 2404 multitudini
739 2329 1035 2428 comparandam”
1056 2333 1105 2404 alt
1128 2341 1154 2373 “
1169 2331 1248 2406 effe.
1296 2327 1411 2399 Praete·

454 2459 480 2497 “
498 2474 555 2523 rea
571 2449 683 2524 telum
703 2447 801 2524 aliud
823 2449 1008 2526 occultum
1025 2446 1173 2524 scituros
1194 2449 1233 2525 in
1254 2461 1410 2543 tempore:

452 2579 478 2629 θ’
495 2566 626 2648 interea
638 2566 745 2642 taceri
759 2594 850 2668 opus
867 2571 968 2644 else!l
1016 2568 1090 2645 His
1103 2567 1314 2670 ambagibus
1327 2552 1411 2662 prodi

453 2689 637 2766 simulabat
665 2687 794 2778 hostes,
823 2713 898 2786 quo
924 2688 1065 2766 animus
1091 2689 1251 2766 militum
1273 2679 1411 2762 multitu·

454 2807 539 2884 dine
568 2807 708 2884 territus
736 2806 988 2884 restitueretur:
1019 2813 1067 2898 ὅτ,
1096 2813 1200 2910 quod
1224 2813 1291 2885 fine
1312 2795 1411 2880 muni·

453 2949 575 3004 mento
591 2927 832 3016 consederant,
863 2927 1081 3004 verifimilius
1096 2951 1183 3019 erat,
1215 2925 1311 3030 quod
1325 2925 1410 2996 stmu-

453 3050 601 3123 labatur.
642 3047 764 3124 Curati
779 3047 864 3126 cibo
872 3075 1019 3147 corpora
1032 3049 1147 3150 quieti
1160 3053 1261 3139 dant,
1277 3052 1309 3122 bc
1324 3056 1409 3141 quar·

454 3188 491 3241 ta
506 3165 576 3240 sere
588 3163 711 3266 vigilia
727 3169 797 3242 fine
820 3171 979 3242 tumultu
1002 3169 1147 3246 excitati
1161 3197 1261 3249 arma
1276 3159 1410 3262 capiunt

454 3288 630 3363 Doltbrae
646 3285 831 3364 calonibus
853 3286 1063 3366 dividuntur
1079 3293 1126 3367 ad
1150 3295 1283 3370 vallum
1307 3298 1408 3383 prom·

452 3409 588 3487 endum
604 3406 773 3507 fossasque
791 3409 984 3508 inplendas.
1033 3412 1126 3486 Intra
1143 3413 1356 3488 munimenta
1367 3393 1408 3469 in·

451 3525 596 3603 struitur
611 3527 723 3606 acies:
753 3531 909 3604 delectae
926 3531 1087 3606 cohortes
1103 3533 1149 3607 ad
1161 3551 1336 3631 portarum
1348 3511 1408 3592 exl-

452 3666 509 3722 tus
534 3649 776 3724 conlocanmr.
826 3651 922 3726 Dato
938 3649 1068 3727 deinde
1091 3655 1188 3752 signo
1210 3649 1324 3753 paullo
1343 3653 1408 3714 ante

452 3769 586 3857 lucem,
627 3769 729 3867 quod
758 3767 895 3844 aestivis
924 3769 1089 3852 noclibus
1117 3769 1247 3872 sopitae
1276 3756 1409 3844 maxime

453 3887 585 3986 quietis
614 3909 755 3987 tempus
785 3888 848 3977 est,
878 3911 1024 3988 proruto
1053 3893 1146 3968 vallo
1168 3890 1285 3992 erupit
1311 3876 1406 3960 acies:

452 4009 572 4084 stratos
588 4011 708 4105 passim
725 4007 862 4084 invadit
883 4009 1014 4085 hostes:
1046 4011 1133 4088 alios
1150 4008 1343 4090 inmobiles,
1357 3987 1406 4068 all·

451 4153 491 4226 os
508 4125 735 4222 semisomnos
756 4125 795 4222 in
817 4127 998 4206 eubilibus
1020 4128 1105 4230 suis,
1135 4132 1323 4222 maximam
1342 4135 1405 4217 W·
