3067 5342
480 726 809 803 LraaxV.
1053 747 1151 826 ·43

156 898 224 988 est,
244 920 301 988 ut,
326 896 439 997 quise
457 900 683 997 domumque
701 898 872 999 religione
890 897 1066 973 exsolvere
1079 901 1152 973 vel·

156 1020 222 1107 let,
243 1045 363 1119 quum
381 1018 518 1093 fibimet
541 1018 614 1117 ipse
634 1022 801 1119 praedam
820 1020 1025 1095 aestimasset
1039 1019 1151 1109 suam,

156 1140 340 1215 decumae
357 1138 513 1237 pretium
530 1139 636 1238 partis
659 1140 696 1213 in
717 1140 907 1239 publicum
927 1139 1092 1215 deferret:
1111 1162 1154 1215 ut

157 1284 205 1331 ex
223 1286 271 1333 eo
291 1262 430 1333 donum
448 1284 610 1348 aureum,
635 1258 790 1359 dignum
808 1260 1045 1357 amplitudine
1063 1282 1152 1335 tem-

156 1377 209 1477 pli
231 1406 276 1454 ac
302 1378 451 1453 nurnine
473 1378 557 1467 Dei,
585 1407 630 1454 ex
653 1378 827 1481 dignitate
845 1382 971 1479 populi
994 1380 1153 1454 Romani

157 1500 275 1572 fieret.
327 1502 382 1573 Ea
403 1525 550 1598 quoque
570 1498 725 1573 conlatio
747 1498 862 1597 plebis
885 1500 1060 1574 animosa
1082 1503 1150 1575 Ca-

157 1616 267 1692 millo
289 1618 465 1693 alienavit.
515 1621 611 1693 Inter
634 1623 719 1694 haec
742 1619 971 1718 pacificatum
996 1620 1102 1719 legati
1130 1646 1152 1693 a

158 1736 365 1813 Volscis&
396 1738 533 1838 Aequis
563 1761 756 1815 venerunt:
791 1740 1034 1839 inpetrataque
1064 1767 1148 1839 pax,

159 1858 279 1959 magis
292 1880 333 1931 ut
351 1858 432 1933 sessa
446 1880 518 1933 tarn
536 1858 678 1933 diutino
695 1861 790 1935 bello
804 1858 1048 1958 adquiesceret
1065 1860 1150 1937 civi·

160 2000 227 2068 tas,
245 2004 356 2077 quam
370 1980 471 2077 quod
489 1978 590 2079 digni
605 2002 774 2078 peterent.

212 2101 355 2172 XXIV.
381 2098 476 2195 Vejis
494 2098 618 2196 captis,
639 2098 698 2174 sex
712 2099 874 2174 tribunos
887 2098 1045 2175 militum
1063 2127 1147 2175 con·
1250 2185 1253 2191 ¹

162 2216 268 2292 sulari
293 2218 461 2317 potestate
486 2218 672 2317 insequens
692 2208 963 2309 arinushabuit,
994 2224 1086 2295 duos
1108 2226 1150 2296 P.

163 2338 366 2426 Cornelios,
397 2340 545 2413 Cossum
568 2344 602 2414 dt
629 2338 847 2439 Scipionem,
880 2342 939 2415 M.
967 2340 1150 2416 Valerium

164 2459 381 2551 Maximum
408 2458 551 2548 iterum,
583 2462 629 2534 K.
657 2460 812 2536 Fabium
836 2462 1057 2536 Ambustum
1084 2484 1151 2537 ter-

163 2574 273 2669 tlum,
300 2580 347 2653 L.
365 2578 516 2653 Furium
531 2579 782 2655 Medullinum
796 2581 979 2679 quintum,
1004 2588 1060 2682 Q
1074 2584 1150 2656 Ser-

162 2700 294 2774 vilium
312 2698 468 2775 tertium.
500 2700 671 2775 Corneliis
687 2700 864 2776 Faliscum
879 2702 1028 2789 bellurn,
1047 2704 1151 2775 Vale-

164 2820 218 2895 rio
244 2846 285 2895 ac
303 2818 450 2895 Servilio
469 2822 628 2917 Capenas
649 2819 735 2895 sorte
758 2820 888 2895 evenit.
939 2825 1000 2896 Ab
1018 2820 1060 2895 iis
1078 2849 1151 2896 non

164 2944 271 3020 urbes
287 2940 323 3015 vi
340 2962 401 3017 aut
417 2940 584 3038 operibus
602 2962 765 3029 tentatae,
790 2940 851 3015 sed
873 2967 955 3040 ager
973 2941 1024 3017 est
1041 2943 1150 3040 depo·

164 3063 323 3159 pulatus,
334 3063 554 3160 praedaeque
566 3087 682 3135 rerum
696 3060 886 3159 agrestium
897 3062 1004 3135 actae.
1039 3065 1152 3136 Nulla

165 3179 253 3255 felix
270 3184 386 3269 arbor,
404 3180 494 3255 nihil
509 3180 721 3280 frugiferum
739 3178 778 3254 in
792 3207 876 3280 agro
891 3181 1065 3256 relidum.
1097 3186 1152 3259 Ea
1260 3184 1265 3191 ’

166 3302 285 3375 clades
301 3303 519 3400 Capenatem
538 3302 714 3400 populum
733 3298 884 3399 subegit.
935 3304 1010 3376 Pax
1027 3324 1149 3399 peten-

165 3420 263 3497 tibus
282 3423 375 3495 data.
425 3424 468 3496 In
486 3420 629 3495 Faliscis
649 3422 785 3496 bellurn
801 3420 959 3497 restabat.
1010 3424 1151 3499 Romae

165 3540 310 3616 interim
337 3540 526 3640 multiplex
552 3539 678 3616 seditio
705 3563 792 3617 erat:
836 3544 939 3639 cujus
965 3542 1150 3619 leniendae

166 3662 282 3737 caussa
297 3660 475 3735 coloniam
489 3660 526 3735 in
545 3659 703 3750 Volscos,
722 3687 797 3761 quo
810 3661 875 3737 tria
889 3662 1001 3737 millia
1015 3662 1152 3737 civium

166 3784 419 3855 Romanorum
453 3780 697 3870 scriberentur,
732 3783 983 3857 deducendam
1010 3780 1153 3856 censue-

166 3924 260 3977 rant:
280 3900 528 4000 triumvirique
546 3902 593 3975 ad
609 3900 647 3975 id
665 3902 771 3977 creati
788 3903 1063 4003 ternajugera&
1077 3901 1151 4002 sep-

166 4044 293 4097 tunces
302 4020 436 4096 viritim
447 4020 646 4095 diviserant.
665 4024 719 4101 Ea
730 4020 871 4121 largitio
880 4020 994 4122 sperni
1005 4045 1151 4120 coepta,

167 4140 254 4241 quia
278 4140 351 4242 spei
380 4140 520 4239 majoris
542 4140 749 4219 avertendae
777 4140 940 4219 solatium
970 4144 1152 4241 objectum
