<?xml version="1.0" encoding="UTF-8"?>
<!DOCTYPE html PUBLIC "-//W3C//DTD XHTML 1.0 Transitional//EN"
    "http://www.w3.org/TR/xhtml1/DTD/xhtml1-transitional.dtd">
<html xmlns="http://www.w3.org/1999/xhtml" xml:lang="en" lang="en">
 <head>
  <title>
</title>
<meta http-equiv="Content-Type" content="text/html;charset=utf-8" />
  <meta name='ocr-system' content='tesseract 3.04.00' />
  <meta name='ocr-capabilities' content='ocr_page ocr_carea ocr_par ocr_line ocrx_word'/>
</head>
<body>
  <div class='ocr_page' id='page_1' title='image "./tliviipatavinih00homegoog_0387.png"; bbox 0 0 3067 5342; ppageno 0'>
   <div class='ocr_carea' id='block_1_1' title="bbox 415 657 1167 780">
    <p class='ocr_par' dir='ltr' id='par_1_1' title="bbox 415 657 1167 780">
     <span class='ocr_line' id='line_1_1' title="bbox 415 657 1167 780; baseline 0.008 -30"><span class='ocrx_word' id='word_1_1' title='bbox 415 657 714 754; x_wconf 57' lang='lat' dir='ltr'>.er&#39;an</span> <span class='ocrx_word' id='word_1_2' title='bbox 764 680 831 756; x_wconf 82' lang='lat' dir='ltr'>IX.</span> <span class='ocrx_word' id='word_1_3' title='bbox 1096 703 1167 780; x_wconf 86' lang='lat'>379</span> 
     </span>
    </p>
   </div>
   <div class='ocr_carea' id='block_1_2' title="bbox 104 851 1216 4190">
    <p class='ocr_par' dir='ltr' id='par_1_2' title="bbox 191 851 1186 2125">
     <span class='ocr_line' id='line_1_2' title="bbox 194 851 1166 954; baseline 0.002 -26"><span class='ocrx_word' id='word_1_4' title='bbox 194 851 336 954; x_wconf 83' lang='lat' dir='ltr'>fortuna</span> <span class='ocrx_word' id='word_1_5' title='bbox 360 878 406 928; x_wconf 87' lang='lat' dir='ltr'>ex</span> <span class='ocrx_word' id='word_1_6' title='bbox 422 855 593 929; x_wconf 73' lang='lat' dir='ltr'>nocturna</span> <span class='ocrx_word' id='word_1_7' title='bbox 615 857 723 930; x_wconf 87' lang='lat' dir='ltr'>caede</span> <span class='ocrx_word' id='word_1_8' title='bbox 739 881 780 930; x_wconf 87' lang='lat' dir='ltr'>ac</span> <span class='ocrx_word' id='word_1_9' title='bbox 797 853 883 954; x_wconf 88' lang='lat' dir='ltr'>fuga</span> <span class='ocrx_word' id='word_1_10' title='bbox 898 853 1038 942; x_wconf 81' lang='lat' dir='ltr'>fecerat,</span> <span class='ocrx_word' id='word_1_11' title='bbox 1052 851 1090 928; x_wconf 91' lang='lat' dir='ltr'>in</span> <span class='ocrx_word' id='word_1_12' title='bbox 1105 855 1166 930; x_wconf 85' lang='lat' dir='ltr'>de-</span> 
     </span>
     <span class='ocr_line' id='line_1_3' title="bbox 193 971 1168 1074; baseline 0 -26"><span class='ocrx_word' id='word_1_13' title='bbox 193 972 370 1049; x_wconf 88' lang='lat' dir='ltr'>ditionem</span> <span class='ocrx_word' id='word_1_14' title='bbox 402 971 595 1070; x_wconf 85' lang='lat' dir='ltr'>accipiunt.</span> <span class='ocrx_word' id='word_1_15' title='bbox 660 977 719 1048; x_wconf 88' lang='lat' dir='ltr'>Ex</span> <span class='ocrx_word' id='word_1_16' title='bbox 751 973 806 1048; x_wconf 85' lang='lat' dir='ltr'>his</span> <span class='ocrx_word' id='word_1_17' title='bbox 838 976 1010 1057; x_wconf 86' lang='lat' dir='ltr'>ducentos</span> <span class='ocrx_word' id='word_1_18' title='bbox 1038 972 1168 1074; x_wconf 83' lang='lat' dir='ltr'>viginti</span> 
     </span>
     <span class='ocr_line' id='line_1_4' title="bbox 193 1091 1167 1191; baseline 0.003 -25"><span class='ocrx_word' id='word_1_19' title='bbox 193 1091 370 1191; x_wconf 89' lang='lat' dir='ltr'>quinque,</span> <span class='ocrx_word' id='word_1_20' title='bbox 394 1091 459 1190; x_wconf 92' lang='lat' dir='ltr'>qui</span> <span class='ocrx_word' id='word_1_21' title='bbox 474 1091 640 1168; x_wconf 89' lang='lat' dir='ltr'>omnium</span> <span class='ocrx_word' id='word_1_22' title='bbox 661 1092 828 1168; x_wconf 88' lang='lat' dir='ltr'>consensu</span> <span class='ocrx_word' id='word_1_23' title='bbox 845 1093 1107 1170; x_wconf 80' lang='lat' dir='ltr'>destinabantur</span> <span class='ocrx_word' id='word_1_24' title='bbox 1133 1098 1167 1169; x_wconf 74' lang='lat' dir='ltr'>St</span> 
     </span>
     <span class='ocr_line' id='line_1_5' title="bbox 191 1209 1165 1301; baseline 0.001 -15"><span class='ocrx_word' id='word_1_25' title='bbox 191 1211 357 1287; x_wconf 81' lang='lat' dir='ltr'>infandae</span> <span class='ocrx_word' id='word_1_26' title='bbox 371 1213 580 1288; x_wconf 87' lang='lat' dir='ltr'>colonomm</span> <span class='ocrx_word' id='word_1_27' title='bbox 596 1211 712 1287; x_wconf 89' lang='lat' dir='ltr'>caedis</span> <span class='ocrx_word' id='word_1_28' title='bbox 726 1209 979 1287; x_wconf 77' lang='lat' dir='ltr'>&amp;defectionis</span> <span class='ocrx_word' id='word_1_29' title='bbox 993 1215 1165 1301; x_wconf 75' lang='lat' dir='ltr'>auctores,</span> 
     </span>
     <span class='ocr_line' id='line_1_6' title="bbox 193 1329 1167 1430; baseline 0.002 -26"><span class='ocrx_word' id='word_1_30' title='bbox 193 1329 333 1430; x_wconf 68' lang='lat' dir='ltr'>vindos</span> <span class='ocrx_word' id='word_1_31' title='bbox 361 1332 519 1405; x_wconf 86' lang='lat' dir='ltr'>Romam</span> <span class='ocrx_word' id='word_1_32' title='bbox 543 1331 738 1406; x_wconf 87' lang='lat' dir='ltr'>deducunt.</span> <span class='ocrx_word' id='word_1_33' title='bbox 787 1332 950 1406; x_wconf 82' lang='lat' dir='ltr'><strong>Ceteram</strong></span> <span class='ocrx_word' id='word_1_34' title='bbox 967 1331 1167 1407; x_wconf 89' lang='lat' dir='ltr'>multitudi-</span> 
     </span>
     <span class='ocr_line' id='line_1_7' title="bbox 197 1448 1168 1550; baseline 0.004 -26"><span class='ocrx_word' id='word_1_35' title='bbox 197 1475 280 1550; x_wconf 83' lang='lat' dir='ltr'>nem</span> <span class='ocrx_word' id='word_1_36' title='bbox 306 1448 539 1540; x_wconf 89' lang='lat' dir='ltr'>incolumem,</span> <span class='ocrx_word' id='word_1_37' title='bbox 565 1451 733 1548; x_wconf 86' lang='lat' dir='ltr'>praefidio</span> <span class='ocrx_word' id='word_1_38' title='bbox 748 1450 922 1549; x_wconf 75' lang='lat' dir='ltr'>inpono,</span> <span class='ocrx_word' id='word_1_39' title='bbox 936 1453 1039 1526; x_wconf 84' lang='lat' dir='ltr'>Sorae</span> <span class='ocrx_word' id='word_1_40' title='bbox 1064 1451 1168 1528; x_wconf 82' lang='lat' dir='ltr'>relin-</span> 
     </span>
     <span class='ocr_line' id='line_1_8' title="bbox 195 1569 1168 1668; baseline 0.006 -27"><span class='ocrx_word' id='word_1_41' title='bbox 195 1588 340 1668; x_wconf 82' lang='lat' dir='ltr'>quunt·</span> <span class='ocrx_word' id='word_1_42' title='bbox 372 1571 522 1658; x_wconf 84' lang='lat' dir='ltr'>Omnes,</span> <span class='ocrx_word' id='word_1_43' title='bbox 546 1569 610 1668; x_wconf 90' lang='lat' dir='ltr'>qui</span> <span class='ocrx_word' id='word_1_44' title='bbox 626 1573 785 1644; x_wconf 89' lang='lat' dir='ltr'>Romam</span> <span class='ocrx_word' id='word_1_45' title='bbox 799 1569 944 1646; x_wconf 72' lang='lat' dir='ltr'>dedus&#39;ti</span> <span class='ocrx_word' id='word_1_46' title='bbox 961 1591 1071 1661; x_wconf 82' lang='lat' dir='ltr'>erant,</span> <span class='ocrx_word' id='word_1_47' title='bbox 1099 1572 1168 1648; x_wconf 91' lang='lat' dir='ltr'>vir-</span> 
     </span>
     <span class='ocr_line' id='line_1_9' title="bbox 195 1685 1186 1792; baseline 0.007 -28"><span class='ocrx_word' id='word_1_48' title='bbox 195 1687 250 1789; x_wconf 82' lang='lat' dir='ltr'>gis</span> <span class='ocrx_word' id='word_1_49' title='bbox 271 1688 311 1764; x_wconf 90' lang='lat' dir='ltr'>in</span> <span class='ocrx_word' id='word_1_50' title='bbox 333 1686 412 1764; x_wconf 93' lang='lat' dir='ltr'>foro</span> <span class='ocrx_word' id='word_1_51' title='bbox 428 1691 525 1778; x_wconf 79' lang='lat' dir='ltr'>caess,</span> <span class='ocrx_word' id='word_1_52' title='bbox 542 1715 583 1765; x_wconf 88' lang='lat' dir='ltr'>ac</span> <span class='ocrx_word' id='word_1_53' title='bbox 594 1685 704 1765; x_wconf 86' lang='lat' dir='ltr'>securi</span> <span class='ocrx_word' id='word_1_54' title='bbox 718 1693 863 1789; x_wconf 76' lang='lat' dir='ltr'>percussi</span> <span class='ocrx_word' id='word_1_55' title='bbox 880 1689 1020 1767; x_wconf 90' lang='lat' dir='ltr'>summo</span> <span class='ocrx_word' id='word_1_56' title='bbox 1034 1695 1186 1792; x_wconf 83' lang='lat' dir='ltr'>gaudio</span> 
     </span>
     <span class='ocr_line' id='line_1_10' title="bbox 196 1808 1168 1913; baseline 0.004 -29"><span class='ocrx_word' id='word_1_57' title='bbox 196 1809 315 1908; x_wconf 84' lang='lat' dir='ltr'>plebis</span> <span class='ocrx_word' id='word_1_58' title='bbox 321 1841 334 1898; x_wconf 82' lang='lat'>3</span> <span class='ocrx_word' id='word_1_59' title='bbox 364 1810 465 1905; x_wconf 88' lang='lat' dir='ltr'>cujus</span> <span class='ocrx_word' id='word_1_60' title='bbox 487 1808 643 1884; x_wconf 85' lang='lat' dir='ltr'>maxime</span> <span class='ocrx_word' id='word_1_61' title='bbox 672 1809 846 1898; x_wconf 85' lang='lat' dir='ltr'>intererat,</span> <span class='ocrx_word' id='word_1_62' title='bbox 873 1831 987 1886; x_wconf 88' lang='lat' dir='ltr'>tutam</span> <span class='ocrx_word' id='word_1_63' title='bbox 1017 1812 1168 1913; x_wconf 89' lang='lat' dir='ltr'>ubique,</span> 
     </span>
     <span class='ocr_line' id='line_1_11' title="bbox 196 1927 1171 2028; baseline 0.006 -24"><span class='ocrx_word' id='word_1_64' title='bbox 196 1933 288 2027; x_wconf 89' lang='lat' dir='ltr'>quae</span> <span class='ocrx_word' id='word_1_65' title='bbox 304 1930 425 2028; x_wconf 86' lang='lat' dir='ltr'>paffim</span> <span class='ocrx_word' id='word_1_66' title='bbox 441 1927 479 2004; x_wconf 90' lang='lat' dir='ltr'>in</span> <span class='ocrx_word' id='word_1_67' title='bbox 495 1928 649 2018; x_wconf 75' lang='lat' dir='ltr'>colonias</span> <span class='ocrx_word' id='word_1_68' title='bbox 664 1929 872 2020; x_wconf 78' lang='lat' dir='ltr'>mitteretur,</span> <span class='ocrx_word' id='word_1_69' title='bbox 899 1929 1171 2018; x_wconf 80' lang='lat' dir='ltr'>multitudinem</span> 
     </span>
     <span class='ocr_line' id='line_1_12' title="bbox 196 2051 273 2125; baseline -0.013 0"><span class='ocrx_word' id='word_1_70' title='bbox 196 2051 273 2125; x_wconf 78' lang='lat' dir='ltr'>esse.</span> 
     </span>
    </p>

    <p class='ocr_par' dir='ltr' id='par_1_3' title="bbox 104 2169 1216 4190">
     <span class='ocr_line' id='line_1_13' title="bbox 248 2169 1168 2272; baseline 0.004 -28"><span class='ocrx_word' id='word_1_71' title='bbox 248 2171 369 2246; x_wconf 85' lang='lat' dir='ltr'>XXV.</span> <span class='ocrx_word' id='word_1_72' title='bbox 399 2169 582 2257; x_wconf 85' lang='lat' dir='ltr'>Consules,</span> <span class='ocrx_word' id='word_1_73' title='bbox 610 2173 656 2246; x_wconf 90' lang='lat' dir='ltr'>ab</span> <span class='ocrx_word' id='word_1_74' title='bbox 670 2173 755 2246; x_wconf 89' lang='lat' dir='ltr'>Sora</span> <span class='ocrx_word' id='word_1_75' title='bbox 767 2170 929 2270; x_wconf 71' lang='lat' dir='ltr'>profesll,</span> <span class='ocrx_word' id='word_1_76' title='bbox 952 2171 989 2246; x_wconf 93' lang='lat' dir='ltr'>in</span> <span class='ocrx_word' id='word_1_77' title='bbox 1002 2197 1103 2272; x_wconf 87' lang='lat' dir='ltr'>agros</span> <span class='ocrx_word' id='word_1_78' title='bbox 1119 2193 1168 2248; x_wconf 82' lang='lat' dir='ltr'>at-</span> 
     </span>
     <span class='ocr_line' id='line_1_14' title="bbox 199 2288 1173 2387; baseline 0.006 -26"><span class='ocrx_word' id='word_1_79' title='bbox 199 2313 272 2387; x_wconf 93' lang='lat' dir='ltr'>que</span> <span class='ocrx_word' id='word_1_80' title='bbox 302 2291 407 2364; x_wconf 89' lang='lat' dir='ltr'>urbes</span> <span class='ocrx_word' id='word_1_81' title='bbox 433 2288 623 2365; x_wconf 87' lang='lat' dir='ltr'>Ausonum</span> <span class='ocrx_word' id='word_1_82' title='bbox 648 2292 783 2365; x_wconf 89' lang='lat' dir='ltr'>bellum</span> <span class='ocrx_word' id='word_1_83' title='bbox 812 2290 1017 2366; x_wconf 81' lang='lat' dir='ltr'>intulentnt.</span> <span class='ocrx_word' id='word_1_84' title='bbox 1066 2295 1173 2369; x_wconf 90' lang='lat' dir='ltr'>Mota</span> 
     </span>
     <span class='ocr_line' id='line_1_15' title="bbox 198 2407 1171 2511; baseline 0.004 -27"><span class='ocrx_word' id='word_1_85' title='bbox 198 2414 353 2508; x_wconf 77' lang='lat' dir='ltr'>namque</span> <span class='ocrx_word' id='word_1_86' title='bbox 375 2407 496 2484; x_wconf 91' lang='lat' dir='ltr'>omnia</span> <span class='ocrx_word' id='word_1_87' title='bbox 510 2410 663 2484; x_wconf 90' lang='lat' dir='ltr'>adventu</span> <span class='ocrx_word' id='word_1_88' title='bbox 680 2409 908 2498; x_wconf 87' lang='lat' dir='ltr'>Samnitium,</span> <span class='ocrx_word' id='word_1_89' title='bbox 935 2437 1050 2511; x_wconf 92' lang='lat' dir='ltr'>quum</span> <span class='ocrx_word' id='word_1_90' title='bbox 1074 2415 1171 2511; x_wconf 90' lang='lat' dir='ltr'>apud</span> 
     </span>
     <span class='ocr_line' id='line_1_16' title="bbox 104 2528 1170 2626; baseline 0.001 -22"><span class='ocrx_word' id='word_1_91' title='bbox 104 2586 107 2590; x_wconf 22' lang='grc' dir='ltr'><em>ι</em></span> <span class='ocrx_word' id='word_1_92' title='bbox 198 2530 370 2605; x_wconf 80' lang='lat' dir='ltr'>Lautulas</span> <span class='ocrx_word' id='word_1_93' title='bbox 395 2529 607 2605; x_wconf 90' lang='lat' dir='ltr'>dimicatum</span> <span class='ocrx_word' id='word_1_94' title='bbox 631 2530 694 2618; x_wconf 94' lang='lat' dir='ltr'>est,</span> <span class='ocrx_word' id='word_1_95' title='bbox 721 2529 871 2619; x_wconf 87' lang='lat' dir='ltr'>fuerant,</span> <span class='ocrx_word' id='word_1_96' title='bbox 900 2528 1170 2626; x_wconf 84' lang='lat' dir='ltr'>conjurationes·</span> 
     </span>
     <span class='ocr_line' id='line_1_17' title="bbox 198 2647 1171 2749; baseline 0.002 -25"><span class='ocrx_word' id='word_1_97' title='bbox 198 2675 270 2748; x_wconf 90' lang='lat' dir='ltr'>que</span> <span class='ocrx_word' id='word_1_98' title='bbox 286 2647 381 2724; x_wconf 88' lang='lat' dir='ltr'>circa</span> <span class='ocrx_word' id='word_1_99' title='bbox 396 2649 627 2748; x_wconf 86' lang='lat' dir='ltr'>Campaniam</span> <span class='ocrx_word' id='word_1_100' title='bbox 643 2652 763 2747; x_wconf 85' lang='lat' dir='ltr'>pass&#39;rm</span> <span class='ocrx_word' id='word_1_101' title='bbox 779 2649 900 2724; x_wconf 74' lang='lat' dir='ltr'>fadae.</span> <span class='ocrx_word' id='word_1_102' title='bbox 950 2653 1030 2725; x_wconf 91' lang='lat' dir='ltr'>Nec</span> <span class='ocrx_word' id='word_1_103' title='bbox 1047 2653 1171 2749; x_wconf 88' lang='lat' dir='ltr'>Capua</span> 
     </span>
     <span class='ocr_line' id='line_1_18' title="bbox 201 2767 1172 2872; baseline 0.002 -28"><span class='ocrx_word' id='word_1_104' title='bbox 201 2767 276 2867; x_wconf 89' lang='lat' dir='ltr'>ipsa</span> <span class='ocrx_word' id='word_1_105' title='bbox 289 2767 437 2845; x_wconf 88' lang='lat' dir='ltr'>crimine</span> <span class='ocrx_word' id='word_1_106' title='bbox 450 2769 581 2844; x_wconf 78' lang='lat' dir='ltr'>caruit·</span> <span class='ocrx_word' id='word_1_107' title='bbox 629 2768 731 2872; x_wconf 84' lang='lat' dir='ltr'>Qrin</span> <span class='ocrx_word' id='word_1_108' title='bbox 747 2772 905 2844; x_wconf 86' lang='lat' dir='ltr'>Romam</span> <span class='ocrx_word' id='word_1_109' title='bbox 919 2775 1112 2869; x_wconf 81' lang='lat' dir='ltr'>quoque&amp;</span> <span class='ocrx_word' id='word_1_110' title='bbox 1125 2773 1172 2846; x_wconf 90' lang='lat' dir='ltr'>ad</span> 
     </span>
     <span class='ocr_line' id='line_1_19' title="bbox 198 2887 1170 2989; baseline 0.002 -25"><span class='ocrx_word' id='word_1_111' title='bbox 198 2888 401 2988; x_wconf 75' lang='lat' dir='ltr'>principum</span> <span class='ocrx_word' id='word_1_112' title='bbox 440 2887 612 2989; x_wconf 88' lang='lat' dir='ltr'>quosdam</span> <span class='ocrx_word' id='word_1_113' title='bbox 651 2888 883 2988; x_wconf 90' lang='lat' dir='ltr'>inquirendos</span> <span class='ocrx_word' id='word_1_114' title='bbox 920 2909 1069 2964; x_wconf 90' lang='lat' dir='ltr'>ventum</span> <span class='ocrx_word' id='word_1_115' title='bbox 1110 2890 1170 2966; x_wconf 84' lang='lat' dir='ltr'>est.</span> 
     </span>
     <span class='ocr_line' id='line_1_20' title="bbox 200 3007 1173 3108; baseline 0.001 -23"><span class='ocrx_word' id='word_1_116' title='bbox 200 3012 370 3085; x_wconf 85' lang='lat' dir='ltr'>Ceterum</span> <span class='ocrx_word' id='word_1_117' title='bbox 386 3009 574 3084; x_wconf 89' lang='lat' dir='ltr'>Ausonum</span> <span class='ocrx_word' id='word_1_118' title='bbox 591 3035 677 3108; x_wconf 85' lang='lat' dir='ltr'>gens</span> <span class='ocrx_word' id='word_1_119' title='bbox 692 3007 893 3106; x_wconf 87' lang='lat' dir='ltr'>proditione</span> <span class='ocrx_word' id='word_1_120' title='bbox 909 3007 1068 3100; x_wconf 91' lang='lat' dir='ltr'>urbium,</span> <span class='ocrx_word' id='word_1_121' title='bbox 1085 3015 1173 3086; x_wconf 83' lang='lat' dir='ltr'>ficut</span> 
     </span>
     <span class='ocr_line' id='line_1_21' title="bbox 198 3113 1195 3227; baseline -0.002 -19"><span class='ocrx_word' id='word_1_122' title='bbox 198 3132 295 3218; x_wconf 76' lang='lat' dir='ltr'>Sora,</span> <span class='ocrx_word' id='word_1_123' title='bbox 322 3128 361 3202; x_wconf 90' lang='lat' dir='ltr'>in</span> <span class='ocrx_word' id='word_1_124' title='bbox 388 3130 593 3227; x_wconf 86' lang='lat' dir='ltr'>potestatem</span> <span class='ocrx_word' id='word_1_125' title='bbox 617 3113 727 3204; x_wconf 84' lang='lat' dir='ltr'>venit.</span> <span class='ocrx_word' id='word_1_126' title='bbox 777 3128 934 3218; x_wconf 84' lang='lat' dir='ltr'>Ausona,</span> <span class='ocrx_word' id='word_1_127' title='bbox 962 3129 1195 3206; x_wconf 81' lang='lat' dir='ltr'>&amp;Mintur-&#39;</span> 
     </span>
     <span class='ocr_line' id='line_1_22' title="bbox 200 3247 1171 3348; baseline 0.001 -25"><span class='ocrx_word' id='word_1_128' title='bbox 200 3275 279 3338; x_wconf 90' lang='lat' dir='ltr'>nae,</span> <span class='ocrx_word' id='word_1_129' title='bbox 305 3253 339 3323; x_wconf 73' lang='grc' dir='ltr'>δι</span> <span class='ocrx_word' id='word_1_130' title='bbox 356 3247 492 3337; x_wconf 90' lang='lat' dir='ltr'>Vescia,</span> <span class='ocrx_word' id='word_1_131' title='bbox 518 3251 624 3324; x_wconf 90' lang='lat' dir='ltr'>urbes</span> <span class='ocrx_word' id='word_1_132' title='bbox 640 3271 756 3324; x_wconf 86' lang='lat' dir='ltr'>erant:</span> <span class='ocrx_word' id='word_1_133' title='bbox 785 3249 978 3348; x_wconf 87' lang='lat' dir='ltr'>exquibus</span> <span class='ocrx_word' id='word_1_134' title='bbox 994 3247 1171 3348; x_wconf 89' lang='lat' dir='ltr'>principes</span> 
     </span>
     <span class='ocr_line' id='line_1_23' title="bbox 194 3367 1172 3469; baseline 0 -25"><span class='ocrx_word' id='word_1_135' title='bbox 194 3367 393 3466; x_wconf 84' lang='lat' dir='ltr'>juventutis</span> <span class='ocrx_word' id='word_1_136' title='bbox 424 3368 619 3444; x_wconf 91' lang='lat' dir='ltr'>duodecim</span> <span class='ocrx_word' id='word_1_137' title='bbox 657 3394 836 3458; x_wconf 80' lang='lat' dir='ltr'>numero,</span> <span class='ocrx_word' id='word_1_138' title='bbox 862 3369 899 3442; x_wconf 90' lang='lat' dir='ltr'>in</span> <span class='ocrx_word' id='word_1_139' title='bbox 932 3367 1172 3469; x_wconf 88' lang='lat' dir='ltr'>proditionem</span> 
     </span>
     <span class='ocr_line' id='line_1_24' title="bbox 201 3486 1170 3584; baseline 0.002 -22"><span class='ocrx_word' id='word_1_140' title='bbox 201 3487 349 3563; x_wconf 86' lang='lat' dir='ltr'>urbium</span> <span class='ocrx_word' id='word_1_141' title='bbox 373 3486 514 3562; x_wconf 90' lang='lat' dir='ltr'>suarum</span> <span class='ocrx_word' id='word_1_142' title='bbox 529 3488 714 3584; x_wconf 86' lang='lat' dir='ltr'>conjurati,</span> <span class='ocrx_word' id='word_1_143' title='bbox 740 3490 787 3562; x_wconf 87' lang='lat' dir='ltr'>ad</span> <span class='ocrx_word' id='word_1_144' title='bbox 815 3487 975 3564; x_wconf 87' lang='lat' dir='ltr'>consules</span> <span class='ocrx_word' id='word_1_145' title='bbox 1000 3488 1170 3564; x_wconf 84' lang='lat' dir='ltr'>veniunt:</span> 
     </span>
     <span class='ocr_line' id='line_1_25' title="bbox 201 3605 1172 3709; baseline 0.002 -27"><span class='ocrx_word' id='word_1_146' title='bbox 201 3608 345 3695; x_wconf 90' lang='lat' dir='ltr'>docent,</span> <span class='ocrx_word' id='word_1_147' title='bbox 370 3616 396 3649; x_wconf 89' lang='lat'><strong>“</strong></span> <span class='ocrx_word' id='word_1_148' title='bbox 414 3605 505 3696; x_wconf 85' lang='lat' dir='ltr'>suos,</span> <span class='ocrx_word' id='word_1_149' title='bbox 516 3606 730 3706; x_wconf 88' lang='lat' dir='ltr'>jampridem</span> <span class='ocrx_word' id='word_1_150' title='bbox 743 3628 947 3709; x_wconf 83' lang='lat' dir='ltr'>exoptantes</span> <span class='ocrx_word' id='word_1_151' title='bbox 960 3608 1172 3684; x_wconf 87' lang='lat' dir='ltr'>Samnitium</span> 
     </span>
     <span class='ocr_line' id='line_1_26' title="bbox 202 3727 1173 3836; baseline 0.002 -34"><span class='ocrx_word' id='word_1_152' title='bbox 202 3737 229 3772; x_wconf 76' lang='lat'>‘⁸</span> <span class='ocrx_word' id='word_1_153' title='bbox 245 3729 452 3815; x_wconf 84' lang='lat' dir='ltr'>adventum,</span> <span class='ocrx_word' id='word_1_154' title='bbox 477 3729 579 3801; x_wconf 83' lang='lat' dir='ltr'>simul</span> <span class='ocrx_word' id='word_1_155' title='bbox 594 3727 640 3801; x_wconf 84' lang='lat' dir='ltr'>ad</span> <span class='ocrx_word' id='word_1_156' title='bbox 655 3729 826 3802; x_wconf 75' lang='lat' dir='ltr'>[aurulas</span> <span class='ocrx_word' id='word_1_157' title='bbox 841 3749 1039 3836; x_wconf 84' lang='lat' dir='ltr'>pugnatum</span> <span class='ocrx_word' id='word_1_158' title='bbox 1052 3728 1173 3804; x_wconf 88' lang='lat' dir='ltr'>audie·</span> 
     </span>
     <span class='ocr_line' id='line_1_27' title="bbox 162 3834 1172 3946; baseline 0.01 -30"><span class='ocrx_word' id='word_1_159' title='bbox 162 3914 164 3916; x_wconf 83' lang='grc'><strong>,</strong></span> <span class='ocrx_word' id='word_1_160' title='bbox 203 3857 229 3896; x_wconf 86' lang='lat'><strong>“</strong></span> <span class='ocrx_word' id='word_1_161' title='bbox 247 3868 342 3938; x_wconf 87' lang='lat' dir='ltr'>tunt,</span> <span class='ocrx_word' id='word_1_162' title='bbox 371 3874 436 3946; x_wconf 93' lang='lat' dir='ltr'>pro</span> <span class='ocrx_word' id='word_1_163' title='bbox 450 3834 752 3922; x_wconf 49' lang='lat' dir='ltr'>vistis‘Romanos</span> <span class='ocrx_word' id='word_1_164' title='bbox 778 3847 948 3937; x_wconf 80' lang='lat' dir='ltr'>habuisse,</span> <span class='ocrx_word' id='word_1_165' title='bbox 970 3849 1172 3945; x_wconf 85' lang='lat' dir='ltr'>juventute,</span> 
     </span>
     <span class='ocr_line' id='line_1_28' title="bbox 203 3966 1216 4065; baseline 0.003 -23"><span class='ocrx_word' id='word_1_166' title='bbox 203 3978 229 4016; x_wconf 86' lang='lat'><strong>“</strong></span> <span class='ocrx_word' id='word_1_167' title='bbox 245 3969 349 4043; x_wconf 86' lang='lat' dir='ltr'>armis</span> <span class='ocrx_word' id='word_1_168' title='bbox 362 3967 535 4043; x_wconf 88' lang='lat' dir='ltr'>Samnites</span> <span class='ocrx_word' id='word_1_169' title='bbox 549 3966 688 4064; x_wconf 84' lang='lat' dir='ltr'>juvisse.</span> <span class='ocrx_word' id='word_1_170' title='bbox 737 3967 882 4065; x_wconf 83' lang='lat' dir='ltr'>Fugatis</span> <span class='ocrx_word' id='word_1_171' title='bbox 903 3966 987 4043; x_wconf 89' lang='lat' dir='ltr'>inde</span> <span class='ocrx_word' id='word_1_172' title='bbox 1008 3969 1173 4045; x_wconf 87' lang='lat' dir='ltr'>Samniti·</span> <span class='ocrx_word' id='word_1_173' title='bbox 1199 3973 1216 3986; x_wconf 84' lang='grc'>”</span> 
     </span>
     <span class='ocr_line' id='line_1_29' title="bbox 202 4086 1174 4190; baseline 0 -24"><span class='ocrx_word' id='word_1_174' title='bbox 202 4097 228 4144; x_wconf 77' lang='lat'>⁴⁸</span> <span class='ocrx_word' id='word_1_175' title='bbox 246 4090 327 4178; x_wconf 82' lang='lat' dir='ltr'>bus,</span> <span class='ocrx_word' id='word_1_176' title='bbox 360 4086 493 4164; x_wconf 88' lang='lat' dir='ltr'>incerta</span> <span class='ocrx_word' id='word_1_177' title='bbox 516 4113 603 4187; x_wconf 86' lang='lat' dir='ltr'>pace</span> <span class='ocrx_word' id='word_1_178' title='bbox 623 4111 739 4188; x_wconf 85' lang='lat' dir='ltr'>agere,</span> <span class='ocrx_word' id='word_1_179' title='bbox 761 4113 828 4168; x_wconf 83' lang='lat' dir='ltr'>uec</span> <span class='ocrx_word' id='word_1_180' title='bbox 841 4088 1044 4164; x_wconf 86' lang='lat' dir='ltr'>claudentes</span> <span class='ocrx_word' id='word_1_181' title='bbox 1059 4111 1174 4190; x_wconf 88' lang='lat' dir='ltr'>portas</span> 
     </span>
    </p>
   </div>
   <div class='ocr_carea' id='block_1_3' title="bbox 0 0 1545 5342">
    <p class='ocr_par' dir='ltr' id='par_1_4' title="bbox 0 0 1545 5342">
     <span class='ocr_line' id='line_1_30' title="bbox 0 0 1545 5342; baseline 0 0"><span class='ocrx_word' id='word_1_182' title='bbox 0 0 1545 5342; x_wconf 95' lang='lat' dir='ltr'> </span> 
     </span>
    </p>
   </div>
  </div>
 </body>
</html>
