3067 5342
402 593 478 692 384
734 593 1050 666 T.Lrv11

399 761 601 864 periculum
622 763 775 842 fastum:
807 791 874 842 nec
898 789 960 842 aut
985 785 1133 842 eventus
1157 787 1279 837 eorum
1299 763 1363 834 Ro
1470 760 1472 854 ζ

400 907 562 972 manum,
592 905 655 959 aut
670 911 804 974 morae,
838 911 911 984 qua
926 889 1110 962 trahebant
1127 883 1274 969 bellum,
1295 903 1365 978 poe·

400 999 547 1077 nitebat.
609 1002 823 1080 Samnitium
854 1027 975 1080 contra
1007 1003 1178 1092 ducibus,
1223 1005 1257 1074 δι
1286 995 1368 1096 carpi
1473 997 1475 1064 'r

400 1121 691 1222 parvisquotidie
704 1121 859 1214 damnis,
884 1129 919 1200 &
936 1123 1106 1200 senescere
1125 1119 1292 1197 dilatione
1305 1119 1367 1192 bel·

400 1240 533 1318 livires
549 1241 629 1320 suae
644 1241 867 1320 videbantur.
918 1246 1042 1341 ltaque
1065 1241 1104 1318 in
1131 1241 1247 1317 aciem
1261 1263 1369 1340 proce·
1477 1240 1479 1320 ἶ

401 1363 509 1451 dunt,
535 1361 718 1462 equitibus
743 1363 781 1437 in
805 1387 937 1437 cornua
963 1361 1095 1437 divifis:
1124 1361 1260 1462 quibus
1284 1384 1370 1458 prae·
1479 1376 1481 1450 ἶ

403 1503 548 1580 ceptum
566 1504 651 1572 erat,
678 1481 882 1558 intentiores
904 1483 951 1556 ad
966 1481 1164 1582 respectum
1182 1481 1370 1564 castrorum,

402 1627 449 1676 ne
465 1626 539 1700 qua
554 1627 598 1676 eo
609 1601 663 1676 vis
685 1603 796 1692 fieret,
823 1627 932 1701 quam
950 1603 995 1676 ad
1011 1602 1206 1700 proelium,
1235 1599 1369 1674 starent:

401 1721 515 1796 aciem
529 1719 642 1821 pediti
665 1742 780 1796 tutam
797 1721 882 1798 sote.
931 1721 1130 1797 Consulum
1154 1719 1325 1820 Sulpicius
1338 1717 1371 1791 in

400 1843 542 1930 dextro,
590 1841 769 1917 Poetelius
810 1841 848 1915 in
889 1841 988 1916 laevo
1027 1867 1140 1916 cornu
1184 1837 1370 1916 consistunt.

403 1961 541 2036 Dextra
565 1987 656 2060 pars,
690 1985 763 2060 qua
795 1965 830 2036 bc
863 1961 1036 2037 Samnites
1066 1960 1152 2036 raris
1185 1956 1371 2040 ordinibus,

403 2101 465 2157 aut
482 2083 530 2156 ad
552 2079 826 2156 circumeundos
843 2079 970 2169 hostes,
997 2101 1058 2155 aut
1076 2105 1121 2154 ne
1139 2080 1204 2180 ipsr
1220 2071 1371 2154 circuni·

403 2222 536 2290 rentur,
569 2199 807 2288 constiterant,
838 2200 942 2276 latius
974 2198 1148 2300 patefacta
1178 2197 1282 2274 sterit.
1326 2189 1370 2266 Si·

404 2319 531 2408 nistris,
556 2339 801 2418 praeterquam
826 2322 926 2417 quod
956 2317 1184 2395 confertiores
1211 2317 1371 2396 steterant,

402 2438 587 2539 repentino
602 2437 746 2514 consilio
761 2437 911 2514 Poetelii
928 2439 1081 2517 consulis
1102 2441 1247 2516 additae
1269 2434 1369 2510 vires:

402 2559 467 2662 qui
487 2557 703 2636 subfidiarias
718 2561 892 2649 cohortes,
918 2585 1010 2660 quae
1033 2560 1192 2659 integrae
1209 2560 1255 2634 ad
1270 2549 1371 2652 longi·

402 2679 471 2754 oris
484 2707 625 2782 pugnae
641 2677 739 2754 casus
755 2678 1028 2769 reservabantur,
1052 2679 1091 2754 in
1103 2679 1256 2780 primam
1271 2673 1372 2750 aciem

403 2800 583 2898 extemplo
609 2798 739 2888 emisrt3
765 2798 1000 2898 universisque
1029 2800 1167 2875 hostem
1199 2796 1311 2900 primo
1325 2790 1372 2865 in·

402 2937 488 3016 peru
501 2917 635 2993 viribus
647 2915 789 3018 inpulit.
831 2920 1022 2994 Commota
1030 2919 1184 3017 pedestri
1201 2917 1274 2994 acie
1286 2917 1373 2988 San·

403 3035 547 3125 nitium,
579 3062 689 3136 eques
717 3037 757 3112 in
782 3064 941 3138 pugnam
975 3037 1146 3114 subcedit.
1200 3042 1243 3114 In
1272 3039 1372 3118 hunc,

403 3155 593 3233 transverso
607 3155 751 3257 agmine
776 3156 866 3233 inter
889 3161 976 3234 duas
992 3157 1084 3234 acies
1106 3157 1140 3234 se
1158 3158 1371 3236 inserentem,

403 3279 591 3352 Romanus
612 3275 791 3376 equitatus
815 3278 969 3353 concitat
993 3305 1105 3378 equos
1111 3311 1124 3367 ς
1149 3281 1314 3380 lignaque
1340 3273 1371 3342 ὅτ

397 3395 543 3494 ‚ordines
567 3395 732 3497 peditum
758 3419 865 3496 atque
892 3397 1057 3498 equitum
1080 3397 1284 3486 confundit,
1314 3391 1372 3464 do·

403 3542 470 3591 nec
485 3513 683 3592 universam
712 3519 758 3593 ab
780 3543 822 3592 ea
841 3540 938 3617 parte
960 3517 1084 3594 avertit
1105 3517 1232 3593 aciem.
1279 3515 1372 3590 tneo

403 3662 515 3712 comu
541 3662 615 3714 non
641 3636 819 3713 Poetelius
846 3637 951 3726 solus,
977 3635 1037 3714 sed
1065 3636 1245 3738 Sulpicius
1260 3633 1373 3715 etiam»

402 3759 559 3833 hortator
583 3755 756 3846 adsuerat,
787 3760 928 3834 avectus
954 3761 999 3835 ab
1022 3757 1090 3836 suis
1116 3761 1280 3834 nondum
1296 3773 1372 3828 con·

402 3875 597 3953 serentibus
622 3903 749 3953 manus
776 3877 821 3952 ad
850 3880 1054 3968 clamorem,
1080 3882 1126 3956 ab
1142 3877 1271 3954 finisba
1285 3891 1372 3976 parte

403 3994 502 4110 prius
523 4016 700 4071 exortum.
749 3997 879 4086 Unde,
908 3999 1008 4074 haud
1030 3998 1179 4076 dubiam
1194 3991 1376 4074 victoriam
