3067 5342
391 729 466 806 334
725 705 1041 780 T.Lrvrr

392 889 418 926 ‘⁸
436 879 478 968 ri,
513 877 605 980 quid
629 879 711 956 Diis
736 878 876 957 arbitris
897 878 1049 956 foederis
1078 881 1225 956 debeo?
1265 863 1379 979 quein

392 1013 418 1046 ‘¹
436 999 502 1077 tibi
530 1021 672 1076 tuarum
690 999 834 1090 irarum,
861 1025 971 1102 quem
997 1025 1162 1076 meorum
1183 999 1378 1100 supplicio-

391 1132 516 1196 “rum
536 1117 702 1218 judicem
735 1119 859 1208 feram,
890 1119 1084 1209 neminem,
1111 1146 1230 1219 neque
1259 1147 1378 1222 popu-

391 1251 417 1286 “
435 1243 526 1330 lum,
557 1265 675 1340 neque
702 1239 894 1338 privatum,
929 1238 1043 1340 fugio.
1091 1242 1205 1340 Qrod
1230 1244 1254 1316 fi
1284 1241 1378 1316 nihil

390 1371 418 1406 “
435 1387 520 1438 cum
544 1360 742 1460 potentiore
759 1358 851 1456 juris
866 1359 1015 1434 humani
1033 1357 1244 1457 relinquitur
1260 1358 1378 1460 inopi,
1461 1457 1463 1459 ‚

391 1493 417 1528 “
435 1503 471 1556 at
486 1507 556 1582 ego
572 1482 618 1556 ad
639 1483 737 1555 Deos
754 1478 915 1555 vindices
938 1480 1176 1555 intolerandae
1191 1479 1378 1579 superbiae

390 1612 416 1647 “
434 1599 665 1700 confugiam,
694 1603 728 1674 δι
744 1603 925 1700 precabor,
948 1621 990 1674 ut
1006 1599 1071 1675 iras
1088 1598 1166 1674 suas
1178 1620 1319 1674 vertant
1335 1601 1377 1676 in

390 1731 416 1766 “
434 1746 507 1810 eos,
532 1719 667 1819 quibus
687 1746 760 1794 non
781 1718 860 1796 suae
884 1721 1044 1796 redditae
1065 1747 1119 1797 res
1141 1745 1215 1794 non
1239 1720 1378 1798 alienae

390 1852 415 1888 ‘⁸
432 1841 680 1917 adcumulatae
697 1838 776 1916 satis
798 1845 863 1916 sint
873 1873 886 1931 3
916 1865 1072 1941 quorum
1094 1838 1274 1916 saevitiam
1299 1869 1377 1918 non

389 1973 416 2008 “
435 1987 530 2037 mors
563 1960 770 2050 noxiorum,
808 1987 881 2036 non
923 1959 1061 2036 deditio
1089 1960 1377 2038 exanimatorum

388 2093 415 2128 ‘⁸
433 2107 638 2182 corporum,
673 2107 745 2157 non
769 2085 865 2157 bona
878 2079 1061 2180 sequentia
1085 2080 1225 2157 domini
1241 2080 1376 2157 dediti·

388 2213 415 2250 “
431 2229 537 2278 onem
555 2200 736 2277 exsatient.
786 2201 922 2278 Placari
945 2223 1144 2302 nequeunt,
1174 2200 1237 2278 nisi
1253 2203 1376 2278 hauri·
1428 2207 1432 2212 ’

388 2333 414 2370 “
432 2325 568 2398 endum
598 2320 807 2420 sanguinem
837 2322 1074 2421 laniandaque
1099 2319 1231 2398 viscera
1256 2323 1378 2400 nostra

387 2439 708 2542 “praebuerimus
758 2442 903 2537 Justurn
929 2443 980 2518 est
1004 2446 1155 2532 bellum,
1182 2444 1376 2534 Samnites,

386 2573 413 2610 “
431 2559 565 2664 quibus
582 2561 829 2651 necessarium
857 2567 892 2636 dr
908 2563 967 2662 pia
982 2591 1092 2653 arma,
1122 2563 1256 2662 quibus
1274 2565 1377 2639 nulla
1400 2613 1404 2617 -

385 2695 411 2732 “
430 2683 492 2760 nisr
511 2682 549 2759 in
565 2681 670 2758 armis
695 2681 909 2781 relinquitur
924 2684 1014 2783 spes.
1063 2683 1233 2773 Proinde,
1254 2711 1375 2785 quum

385 2815 411 2852 ‘⁶
430 2829 547 2880 rerum
571 2805 809 2879 humanarum
836 2802 1036 2880 maximum
1065 2827 1290 2881 momentum
1317 2810 1373 2895 fit,

385 2935 411 2970 “
430 2949 540 3023 quam
557 2923 720 3024 propitiis
736 2951 825 3013 rem,
852 2949 964 3023 quam
990 2925 1138 3000 adverfis
1152 2947 1258 3026 agant
1274 2924 1373 3015 Diis,

384 3056 410 3092 “
428 3071 494 3144 pro
512 3065 610 3120 certo
642 3046 783 3132 habete,
810 3043 927 3143 priora
955 3046 1049 3121 bella
1076 3044 1242 3120 adversus
1270 3049 1373 3122 Deos

385 3176 411 3212 ‘⁸
430 3163 557 3265 nugis,
585 3163 881 3264 quamhomines,
909 3167 1063 3265 gesfiffe;
1094 3167 1178 3256 hoc,
1199 3167 1300 3266 quod
1317 3167 1372 3241 in-

384 3297 410 3332 “
429 3285 506 3375 stat,
535 3283 690 3361 ducibus
706 3283 787 3383 ipsrs
803 3283 885 3360 Diis
907 3285 1101 3385 gesturos.”

431 3409 478 3482 11.
503 3407 621 3494 Haec,
648 3431 722 3479 non
737 3407 826 3480 laeta
842 3403 967 3505 magis,
990 3431 1100 3505 quarn
1122 3431 1217 3495 vera,
1243 3405 1370 3482 vatici·

382 3544 497 3614 natus,
538 3524 695 3602 exercitu
730 3527 874 3616 educto,
907 3523 1000 3601 cirta
1032 3526 1215 3602 Caudium
1247 3527 1371 3615 eastra,

382 3671 493 3748 quam
509 3645 624 3746 potest
639 3645 883 3735 occultiffime,
907 3647 1016 3722 locat:
1051 3644 1136 3721 inde
1161 3648 1209 3722 ad
1240 3648 1370 3723 Calati-

382 3795 455 3859 am,
500 3763 566 3843 ubi
593 3765 669 3862 jam
698 3764 858 3842 consules
879 3769 1065 3843 Romanos
1092 3767 1271 3867 castr-aque
1302 3770 1371 3844 effe

382 3886 563 3978 audiebat,
595 3885 725 3964 milites
741 3889 869 3964 decem
893 3887 1072 3988 pastorum
1098 3888 1223 3964 habitu
1240 3887 1369 3964 mittit:

381 4033 580 4110 pecoraque
596 4006 764 4098 diversos,
784 4007 896 4084 aliurn
909 4007 1009 4098 alibi,
1036 4010 1135 4083 haud
1149 4010 1276 4110 procul
1291 4011 1369 4084 Ro·

381 4127 494 4207 manis
524 4127 660 4230 pascere
679 4130 785 4228 jubet
812 4128 1005 4231 praesidiis:
1037 4126 1104 4206 ubi
1120 4127 1313 4207 inciderint
1329 4127 1368 4203 in
