3067 5342
494 670 725 753 Ltaart
782 625 885 753 Vl.¹
1094 682 1159 779 167

179 860 205 895 ‘⁴
223 845 406 950 antiquius
422 850 460 925 in
480 852 662 949 republica
678 855 824 927 Patrum
847 850 1020 948 majestate
1039 849 1157 938 firiffe3

178 980 204 1012 ‘⁴
222 969 359 1068 semper
373 971 487 1069 plebis
504 972 705 1047 commodis
717 969 911 1047 adversatos
929 974 1006 1046 effe.
1056 976 1159 1071 Quo·

178 1100 204 1134 “
222 1116 305 1169 rum
317 1092 465 1165 alterum
478 1110 595 1191 neque
609 1119 715 1192 nego,
726 1118 844 1191 neque
859 1090 993 1167 inficias
1007 1118 1064 1178 eo,
1079 1110 1156 1179 not,

179 1219 204 1252 “
223 1237 269 1285 ex
295 1236 370 1308 quo
386 1209 510 1287 adsciti
532 1212 654 1288 sumus
669 1216 771 1288 fimul
789 1213 826 1287 in
843 1211 1023 1287 civitatem
1041 1216 1076 1286 δι
1093 1216 1158 1287 Pa·

179 1341 204 1374 “
222 1352 304 1419 tres,
320 1330 423 1405 enixe
440 1358 583 1429 operam
601 1332 746 1421 dedille,
763 1354 805 1407 ut
822 1359 883 1430 per
896 1359 960 1407 nos
977 1336 1079 1407 aucta
1095 1352 1157 1431 po·

179 1461 204 1494 “
223 1450 306 1539 tius,
324 1477 435 1549 quam
456 1451 647 1542 inminuta,
670 1452 826 1551 majestas
843 1478 964 1526 earum
980 1451 1156 1551 gentium,

179 1570 314 1646 “inter
336 1597 424 1669 quas
450 1598 514 1647 nos
539 1575 605 1647 effe
629 1572 801 1662 voluistis,
829 1572 902 1647 dici
927 1598 1009 1647 vere
1035 1575 1157 1670 pulset.

180 1694 319 1767 “Illud
340 1694 491 1769 alterum
512 1720 577 1791 pro
608 1719 666 1768 me
688 1692 949 1793 majoribusque
966 1691 1055 1766 meis
1071 1714 1156 1766 con-

179 1824 203 1855 “
222 1814 366 1887 tendere
383 1817 505 1901 ausun,
523 1812 694 1914 Qtirites‚
715 1812 806 1910 (nist,
825 1838 916 1911 quae
933 1836 998 1911 pro
1014 1810 1155 1887 univer-

180 1943 205 1976 “
223 1932 258 2008 sa
272 1932 454 2031 republica
470 1934 567 2020 fiant,
594 1960 635 2007 ea
648 1933 758 2032 plebi,
783 1956 966 2031 tamquam
982 1931 1086 2007 aliam
1101 1930 1156 2005 in-

179 2064 205 2096 “
221 2052 354 2127 colenti
383 2056 525 2141 urbem,
555 2053 695 2128 adversa
716 2053 797 2153 quis
817 2052 934 2151 putet)
964 2051 1054 2127 nihil
1077 2078 1154 2141 nos,

179 2183 205 2217 ‘⁶
229 2199 348 2270 neque
365 2172 531 2269 privatos,
559 2198 677 2273 neque
694 2172 732 2247 in
749 2170 1021 2271 magistratibus,
1054 2172 1156 2269 quod

179 2304 204 2336 “
222 2292 497 2367 incommodum
520 2292 616 2392 plebi
633 2294 727 2381 effet,
755 2291 901 2369 scientes
918 2290 1056 2368 feciffez
1089 2310 1155 2367 nec

180 2423 204 2457 “
222 2414 339 2487 ullum
356 2412 491 2487 factum
507 2412 688 2487 dictumve
708 2412 866 2487 nostrum
888 2433 1010 2487 contra
1024 2412 1156 2487 utilita-

181 2542 205 2576 “
222 2555 297 2608 tem
323 2533 470 2607 vestram
498 2536 573 2630 (etsr
596 2533 771 2631 quaedam
795 2552 917 2607 contra
935 2534 1157 2607 voluntatem

181 2663 206 2697 ‘⁶
222 2652 372 2748 fuerint)
391 2680 471 2727 vere
488 2651 605 2727 referri
619 2653 726 2750 poffe·
776 2655 838 2725 An
852 2654 934 2739 hoc,
948 2656 971 2726 st
985 2650 1157 2726 Claudiae

179 2784 204 2818 ‘⁶
220 2772 375 2847 familiae
386 2798 459 2847 non
469 2775 544 2861 fim‚
570 2798 636 2847 nec
647 2798 691 2847 ex
703 2769 851 2870 patricio
868 2768 1035 2870 sanguine
1046 2792 1156 2858 ortus,

179 2904 204 2937 “
221 2892 595 2994 sedunuthititium
607 2891 774 2992 quilibet,
791 2890 855 2989 qui
869 2892 980 2965 modo
992 2913 1050 2965 me
1065 2893 1157 2966 duo-

181 3025 204 3057 “
223 3017 292 3090 bus
308 3012 473 3112 ingenuis
487 3034 619 3100 ortum,
650 3016 683 3085 a
700 3011 817 3086 vivete
834 3012 873 3085 in
890 3010 1001 3086 libera
1016 3011 1158 3087 civitate

180 3145 204 3177 “
220 3134 342 3222 sciam,
363 3133 507 3209 reticere
519 3134 669 3230 poffim?
701 3134 747 3206 L.
763 3130 867 3217 illum
884 3132 1045 3206 Sextium
1062 3136 1096 3206 δι
1114 3133 1157 3206 C.

180 3264 204 3298 “
223 3252 425 3341 Licinium,
451 3273 638 3352 perpetuos
661 3255 700 3349 (fi
725 3251 807 3327 Diis
828 3254 957 3351 placet)
982 3251 1156 3340 tribunos,

181 3386 204 3420 “
222 3396 362 3449 tanturn
379 3372 542 3448 licentiae
558 3397 688 3447 novem
704 3370 818 3459 annis,
848 3371 980 3471 quibus
996 3392 1156 3471 regnant,
1218 3440 1221 3444 .

181 3504 205 3539 “
221 3492 383 3582 sumfiffe,
420 3512 464 3566 ut
488 3490 590 3591 vobis
620 3512 751 3589 negent
780 3490 985 3587 potestatem
1012 3490 1160 3565 liberam

182 3626 206 3659 “
223 3613 390 3715 suffiagii,
405 3638 479 3686 non
496 3610 535 3685 in
552 3609 718 3698 comitiis,
739 3609 864 3687 nonin
882 3610 1021 3709 legibus
1028 3612 1160 3707 juben-

183 3745 207 3779 “
224 3735 292 3823 dis,
306 3735 339 3808 se
357 3732 579 3832 permilsuros
590 3731 657 3804 effe
670 3732 684 3802 l
698 3732 773 3805 Sub
787 3728 1006 3817 conditione,
1024 3728 1157 3829 inquit,

182 3864 205 3898 “
222 3882 285 3930 nos
296 3852 458 3930 reficietis
475 3850 659 3926 decimum
669 3848 842 3922 tribunos.
874 3848 978 3949 Qud
994 3848 1043 3923 est
1056 3851 1156 3925 aliud

185 3986 208 4019 “
225 3976 356 4063 dicere,
380 3972 481 4072 quod
503 3990 631 4071 petunt
650 3968 724 4057 alii,
752 3994 817 4044 nos
839 3968 929 4041 adeo
945 3967 1157 4059 fastidimus,

187 4102 210 4138 “
225 4118 266 4171 ut
285 4099 355 4171 fine
375 4092 538 4169 mercede
561 4116 690 4190 magna
713 4116 787 4164 non
814 4086 1041 4185 accipiamus.
1090 4092 1161 4164 Sed
