3067 5342
497 678 729 752 erna
782 678 864 752 VII.
1114 705 1184 783 205

203 871 297 928 tunt.
346 849 451 928 Nihil
464 851 561 928 enim
574 880 647 929 non
664 880 727 952 pet
742 853 886 942 milites,
898 852 1032 950 juratos
1045 853 1083 929 in
1098 881 1183 931 con-

201 971 286 1048 sulis
311 976 430 1062 verba,
468 973 632 1072 quamvis
656 972 892 1073 perniciosum
918 974 1065 1072 populo,
1097 979 1120 1049 st
1143 975 1183 1050 id

199 1089 336 1182 liceret,
378 1092 458 1168 ferri
484 1096 591 1192 poffe.
642 1096 783 1168 Eodem
816 1120 911 1168 anno
940 1095 984 1168 C.
1016 1093 1182 1172 Licinius

200 1215 334 1288 Stoloa
349 1216 407 1288 Μ.
425 1212 579 1314 Popillio
593 1217 750 1289 Laenate
766 1213 826 1288 sua
842 1217 919 1314 lege
934 1215 1059 1289 decem
1074 1216 1181 1291 milli-

198 1335 270 1408 bus
285 1331 372 1408 aeris
394 1333 445 1408 est
461 1335 660 1424 damnatus,
695 1335 796 1432 quod
812 1334 910 1408 mille
920 1335 1090 1434 jugerum
1105 1338 1179 1438 agri

197 1479 286 1528 cum
302 1453 378 1528 filio
388 1456 584 1552 poffideret,
611 1453 942 1553 emancipandoque
959 1453 1075 1530 filium
1088 1455 1180 1532 frau-

196 1575 284 1648 dem
297 1574 367 1674 legi
380 1574 521 1651 feciffet.

247 1697 366 1770 XVII.
396 1695 495 1770 Novi
524 1693 682 1771 consules
706 1693 805 1784 inde,
840 1698 899 1771 M.
927 1697 1059 1774 Fabius
1084 1703 1175 1776 Am·

194 1814 321 1890 bustus
343 1814 541 1890 secundum
567 1821 602 1890 δι
625 1819 684 1891 Μ.
709 1815 882 1914 Popillius
897 1819 1034 1892 Laenas
1057 1817 1179 1894 secun-

194 1937 300 2025 dum,
328 1939 405 2011 duo
434 1938 528 2012 bella
559 1939 723 2012 habuere.
775 1935 893 2011 Facile
920 1937 1069 2012 alterum
1092 1966 1176 2016 cum

191 2054 427 2145 Tiburtibus,
445 2058 546 2155 quod
561 2059 699 2131 Laenas
712 2057 829 2156 geffit:
858 2055 936 2154 qui,
954 2057 1052 2132 hoste
1063 2058 1101 2134 in
1117 2085 1176 2135 ur·

191 2181 281 2252 bem
311 2176 509 2278 compulso,
535 2202 635 2276 agros
661 2175 816 2251 vastavit.
866 2175 992 2251 Falisci
1021 2181 1176 2278 Tarqui·

191 2294 401 2396 niensesque
424 2300 573 2372 altemm
593 2295 773 2371 consulem
799 2296 915 2394 prima
934 2322 1057 2396 pugna
1073 2299 1175 2376 fude-

192 2440 289 2492 runt.
339 2419 429 2492 Inde
445 2438 555 2492 terror
570 2416 747 2491 maximus
763 2415 845 2504 brit,
864 2418 964 2514 quod
981 2415 1177 2496 sacerdotes

187 2562 333 2625 eorum,
357 2536 493 2612 facibus
509 2536 713 2612 ardentibus
729 2534 977 2636 anguibusque
1000 2540 1174 2636 praelatis,

192 2656 327 2733 inceffu
351 2657 467 2732 furiali
487 2657 640 2732 militem
663 2660 873 2732 Romanum
898 2655 1034 2731 insueta
1056 2664 1173 2734 turba-

191 2798 320 2852 verunt
342 2777 475 2877 specie:
507 2783 541 2852 δι
563 2799 651 2852 tunc
669 2777 819 2876 quidem
833 2777 932 2852 velut
947 2778 1121 2875 lymphati
1139 2785 1174 2855 δι

191 2896 344 2973 adtoniti
366 2897 599 2972 munimentis
622 2897 692 2972 suis
714 2895 854 2995 trepido
870 2897 1012 2996 agmine
1037 2896 1174 2974 incide·

192 3040 299 3106 runt3
333 3019 477 3106 deinde,
507 3017 572 3093 ubi
597 3015 720 3092 consul
747 3017 939 3117 legatique,
969 3045 1009 3094 ac
1037 3018 1172 3096 tribuni

190 3163 384 3236 puerorum
407 3137 477 3212 ritu
493 3163 583 3211 vana
604 3137 774 3212 miracula
789 3159 953 3236 paventes
970 3137 1173 3214 inridebant

191 3257 504 3356 increpabantque,
527 3255 632 3331 vertit
647 3256 785 3331 animos
801 3279 944 3354 repente
962 3260 1104 3355 pudot3
1137 3267 1172 3337 bt

190 3377 228 3452 in
256 3405 298 3452 ea
330 3377 414 3477 ipsa,
442 3405 532 3477 quae
557 3375 736 3476 fugerant,'
760 3377 860 3450 velut
889 3377 983 3452 caeci
1010 3384 1170 3458 ruebant.

189 3497 354 3574 Discuffo
371 3498 490 3596 itaque
507 3523 601 3571 vano
616 3499 784 3595 adparatu
801 3494 972 3586 hostium,
1000 3525 1115 3598 quum
1133 3501 1171 3576 in

187 3619 280 3720 ipsos
311 3639 461 3692 armatos
499 3616 533 3692 se
567 3616 772 3705 intuliffent‚
820 3638 1018 3692 averterunt
1057 3640 1169 3698 totam

185 3738 324 3815 aciem:
355 3736 541 3836 castrisque
558 3737 665 3811 etiam
682 3757 725 3810 eo
741 3733 801 3809 die
816 3735 933 3834 potiti,
964 3741 1092 3835 praeda
1115 3741 1169 3814 in-

187 3857 288 3960 genti
305 3880 416 3956 parta,
439 3857 589 3932 victores
606 3876 834 3942 reverterunt,
857 3854 1067 3931 militaribus
1077 3858 1170 3955 jocis

184 4004 305 4079 quum
319 3980 527 4078 adparatum
542 3975 711 4063 hostium,
741 3996 821 4050 tum
834 3974 937 4052 suum
954 3976 1170 4075 increpantes

183 4124 366 4198 pavorem.
416 4095 625 4175 Concitatur
638 4095 769 4170 deinde
785 4121 892 4172 omne
903 4121 1035 4174 nomen
1047 4097 1167 4174 Etrus·
