3067 5342
412 659 483 758 348
744 659 1061 735 T.Lrv11

410 835 436 868 “
454 823 737 902 restituerenturr
766 853 885 925 neque
915 826 949 902 se
980 852 1044 927 pro
1069 853 1126 914 eo,
1152 823 1268 924 quod,
1293 823 1384 919 spon·-

411 955 437 989 “
456 946 577 1020 dendo
593 974 731 1046 pacem,
757 946 941 1022 servassent
961 945 1157 1056 exercitum
1175 942 1301 1042 populi
1317 943 1385 1016 Ro

411 1077 437 1110 ‘⁶
454 1065 566 1154 mani,
589 1094 741 1166 poenam
767 1071 878 1142 ullam
902 1067 1045 1142 meritos
1075 1070 1167 1152 esse;
1204 1088 1320 1160 neque
1346 1062 1387 1134 ad

410 1196 436 1231 “
452 1206 666 1274 extremum,
691 1213 807 1286 quum
818 1185 1021 1262 sacrosansli
1035 1188 1155 1273 client,
1187 1185 1273 1262 dedi
1291 1183 1387 1260 holli-

411 1316 436 1350 “
456 1309 523 1382 bus
541 1305 708 1382 violarive
725 1309 855 1404 posse.”

457 1429 525 1502 lx.
552 1429 654 1502 Tum
688 1425 948 1515 Postumius‘
953 1428 1122 1500 ‘Interea
1155 1424 1313 1513 dedite,''
1336 1421 1387 1498 in·

408 1545 545 1646 quit,‘
550 1545 745 1644 ‘profanos
768 1571 845 1634 nos,
876 1571 967 1645 quos
987 1544 1078 1619 salva
1094 1543 1267 1644 religione
1281 1541 1385 1642 potes·

407 1665 512 1739 “tis:
543 1665 681 1740 dedetis
696 1666 826 1741 deinde
850 1669 883 1740 δι
908 1665 990 1740 istos
1007 1663 1251 1754 sacrosanctos,
1279 1671 1385 1763 quum

407 1796 433 1828 “
451 1785 609 1918 primum
626 1785 828 1886 magistratu
849 1784 1018 1872 abierint,
1049 1783 1123 1872 sed,
1150 1787 1252 1858 fime
1273 1781 1385 1857 audia-

408 1915 434 1948 ‘⁴
451 1903 508 1993 tis,
542 1905 654 2005 prius,
705 1931 814 2004 quam
845 1907 1033 1992 dedantur,
1079 1903 1182 1978 hic
1172 1930 1213 1978 tn
1247 1899 1385 1978 comitio

406 2035 432 2069 “
450 2023 558 2126 virgis
575 2023 703 2113 caesos,
729 2027 821 2100 hanc
844 2025 919 2122 jam
936 2047 978 2099 ut
1005 2023 1227 2100 intercalatae
1257 2046 1382 2120 poenae

407 2155 432 2188 “
450 2143 593 2219 usuram
618 2147 783 2220 habeant.
833 2147 930 2220 Nam
947 2147 1050 2244 quod
1068 2143 1254 2219 deditione
1281 2140 1386 2215 nostra

407 2274 432 2309 “
452 2287 581 2364 negant
620 2263 752 2338 exsolvi
788 2262 959 2364 religione
1000 2265 1191 2363 populum,
1231 2263 1270 2338 id
1307 2259 1382 2335 istos

408 2395 433 2428 “
452 2383 578 2482 magis,
605 2411 650 2458 ne
675 2385 865 2472 dedantur,
893 2410 1002 2482 quam
1020 2383 1105 2482 quia
1127 2383 1177 2458 ita
1194 2383 1229 2459 se
1256 2409 1306 2458 res
1330 2383 1383 2454 ha·

405 2514 431 2548 “
452 2507 545 2592 beat,
575 2501 706 2591 dicere,
736 2501 819 2602 quis
847 2505 937 2578 adeo
948 2502 1038 2601 juris
1061 2501 1245 2578 fecialium
1269 2525 1382 2600 expers

406 2637 432 2670 “
451 2624 513 2713 est,
543 2623 607 2722 qui
622 2623 782 2724 ignoret?
832 2627 965 2721 Neque
988 2649 1056 2724 ego
1082 2621 1220 2698 inficias
1237 2649 1292 2710 eo,
1324 2623 1382 2694 Pa-

406 2757 518 2820 “tres
543 2742 745 2842 conscripti,
776 2765 849 2817 tam
879 2742 1076 2842 sponsiones
1109 2769 1222 2843 quam
1252 2742 1383 2817 foedera

406 2875 432 2909 “
450 2863 567 2940 sancla
587 2866 653 2938 elle
677 2864 775 2960 apud
797 2889 856 2936 eos
882 2861 1057 2950 homines,
1089 2865 1186 2961 apud
1205 2862 1382 2963 quosjux·

260 2978 265 2987 ’
406 2995 432 3028 “
452 3005 487 3058 ta
509 2982 647 3058 divinas
669 2981 856 3082 religiones
873 2983 960 3056 fides
978 2984 1133 3056 humana
1149 2983 1304 3058 colitur:
1329 2979 1381 3054 sed

404 3115 429 3148 ‘⁶
447 3102 575 3200 injussu
608 3101 734 3200 populi
765 3127 858 3200 nego
891 3100 1095 3200 quidquam
1125 3100 1252 3178 sanciri
1281 3102 1380 3202 polle,

404 3235 430 3268 ‘⁴
448 3223 549 3321 quod
566 3222 743 3321 populum
774 3241 900 3294 teneat.
950 3225 1025 3308 An,
1059 3221 1082 3292 st
1116 3223 1244 3298 eadem
1271 3222 1380 3319 super-

405 3354 429 3387 “
448 3341 521 3429 bia,
554 3368 626 3441 qua
651 3338 870 3438 sponfionem
898 3339 997 3412 istam
1024 3345 1264 3440 expresserunt
1285 3336 1380 3414 nobis

404 3473 429 3506 “
447 3461 634 3548 Samnites,
662 3459 853 3558 co'e'gissent
870 3485 934 3532 nos
950 3461 1057 3534 verba
1070 3459 1232 3560 legitima
1254 3461 1377 3536 deden·

402 3592 428 3627 “
446 3579 540 3656 tium
556 3582 661 3654 urbes
677 3603 898 3676 nuncupare,
933 3577 1099 3653 deditum
1114 3583 1292 3680 populum
1308 3581 1378 3651 Ro

402 3713 428 3748 ‘⁶
446 3727 595 3777 manum
612 3724 675 3773 vos
698 3697 835 3772 tribuni
859 3696 1036 3786 diceretis,
1068 3703 1101 3774 δι
1126 3703 1217 3776 hanc
1242 3703 1376 3784 urbem,

403 3833 428 3868 “
444 3823 588 3920 templa,
616 3819 778 3906 delubra,
794 3819 894 3906 fines,
925 3842 1045 3917 aquas,
1064 3819 1277 3896 Samnitium
1295 3817 1376 3893 effe?

401 3953 427 3988 “
446 3941 589 4016 Omitto
603 3935 840 4025 deditionem,
860 3936 1034 4035 quoniam
1052 3939 1097 4012 de
1115 3937 1294 4037 sponfione
1310 3935 1376 4035 agi-

400 4072 426 4106 “
444 4082 513 4136 tur.
563 4055 667 4158 Qud
680 4057 839 4145 tandem,
866 4055 1224 4157 fispopondissemus,
1257 4060 1376 4132 urbem
