3067 5342
472 721 510 794 L
536 743 549 794 1
580 744 600 794 s
629 741 651 794 a
680 745 704 794 rt
737 721 842 819 ‘VIL
1070 747 1138 823 227

154 897 181 931 “
199 913 245 962 ne
263 910 328 962 nos
346 883 384 961 in
401 888 594 966 amicitiam
617 891 856 990 accipiamur:
889 890 949 964 sed
964 912 1006 966 ut
1022 890 1136 966 vetus-

153 1018 180 1052 “
199 1029 269 1082 tate
300 1014 334 1083 ἂ
362 1011 473 1109 gradu
504 1011 646 1086 honoris
673 1039 737 1086 nos
771 1012 954 1110 praestent.
1004 1015 1135 1110 Neque

154 1139 182 1172 “
200 1128 298 1203 enim
315 1128 456 1205 foedere
473 1132 700 1222 Samnitium,
718 1160 762 1207 ne
779 1157 851 1231 qua
868 1141 958 1207 nov‘a
968 1133 1135 1232 jungere-

154 1259 183 1293 “
200 1248 245 1323 tis
262 1247 417 1338 foedera,
435 1275 581 1326 cautum
594 1255 654 1328 est.
705 1254 791 1329 Fuit
804 1255 953 1353 quidem
966 1254 1135 1351 apudvo's

154 1368 335 1468 “semper
363 1369 441 1444 satis
458 1373 553 1468 justa
581 1376 696 1448 caussa
722 1374 912 1463 amicitiae,
943 1374 1033 1447 velle
1050 1399 1134 1447 eum

153 1490 299 1566 “vobis
327 1489 487 1566 amicum
513 1495 593 1581 effe,
622 1492 767 1593 quivos
786 1498 975 1594 adpeteret.
1026 1495 1132 1567 Cam-

153 1620 179 1653 “
196 1610 294 1709 pani,
324 1615 382 1685 etfi
400 1611 541 1686 fortuna
555 1614 712 1712 praesens
733 1615 922 1716 magnifice
936 1613 1036 1714 loqui
1055 1639 1134 1712 pro-

154 1740 180 1774 “
198 1731 312 1820 hibet,
339 1757 413 1805 non
437 1731 536 1809 urbis
559 1735 808 1834 amplitudine,
837 1763 910 1810 non
932 1736 1006 1836 agri
1030 1737 1134 1809 uber-

153 1861 180 1896 “
199 1871 281 1941 tate,
307 1851 374 1926 ulli
402 1856 538 1952 populo
564 1876 807 1954 praeterquam
829 1856 931 1932 vobis
957 1856 1134 1944 cedentes,

152 1973 295 2046 “haud
323 1999 429 2070 parva
460 1978 517 2071 (ut
542 1974 688 2068 abitror)
724 1980 866 2051 acceffio
892 1976 995 2052 bonis
1029 1979 1133 2050 rebus

154 2104 181 2138 “
200 2093 319 2168 vestris
335 2093 374 2166 in
391 2093 584 2169 amicitiam
600 2095 763 2170 venimus
789 2095 947 2171 vestram.
999 2095 1136 2204 Aequis

154 2224 181 2258 “
201 2211 418 2312 Volscisque,
436 2213 583 2289 aeternis
598 2215 756 2292 hostibus
774 2217 878 2313 hujus
893 2215 1005 2305 urbis,
1024 2241 1135 2316 quan-

155 2345 182 2379 “
202 2335 409 2431 documque
428 2333 460 2408 se
488 2336 676 2424 moverint,
703 2339 747 2410 ab
778 2358 876 2436 tergo
901 2337 1053 2411 erimus:
1071 2327 1135 2424 ‘'&,

155 2463 182 2497 “
201 2455 303 2552 quod
318 2479 381 2528 vos
398 2481 462 2553 pro
486 2453 593 2528 salute
612 2457 727 2530 nostra
742 2457 875 2556 priores
899 2456 1064 2545 feceritis,
1096 2456 1136 2530 id

156 2584 266 2648 “nos
289 2601 354 2673 pro
378 2574 526 2672 imperio
552 2575 664 2650 vestro
691 2581 725 2650 ἂ
752 2575 864 2674 gloria
880 2575 1015 2676 semper
1030 2575 1137 2650 facie·

157 2706 182 2740 “
201 2721 295 2769 mus.
345 2695 505 2770 Subadis
520 2695 562 2769 iis
580 2693 759 2796 gentibus,
775 2723 866 2794 quae
879 2695 970 2768 inter
984 2721 1047 2768 nos
1060 2696 1136 2770 vos-

155 2826 181 2859 “
200 2841 272 2913 que
289 2813 382 2903 sunt,
414 2817 515 2914 quod
532 2814 740 2914 propediem
757 2813 919 2889 futurum
937 2814 1134 2914 spondet&

155 2945 182 2982 “
199 2935 360 3010 virtus&
378 2933 519 3009 fortuna
534 2926 657 3024 vestra,
685 2934 870 3009 continens
886 2934 1065 3034 inperium
1080 2936 1136 3011 us·

156 3066 182 3099 “
201 3079 273 3153 que
302 3058 349 3129 ad
375 3081 439 3128 nos
461 3053 648 3152 habebitis.¹
699 3057 884 3129 Acerbum
910 3081 951 3130 ac
968 3055 1136 3132 miserum

156 3186 182 3220 “
200 3175 264 3264 est,
295 3176 395 3275 quod
422 3173 522 3249 fateri
545 3201 609 3249 nos
631 3174 772 3249 fortuna
788 3175 903 3249 nostra
919 3175 1028 3276 cogit.
1080 3181 1136 3253 Eo

155 3305 182 3340 “
199 3317 347 3370 ventum
361 3296 424 3384 est,
441 3299 559 3370 Patres
574 3294 775 3394 conscripti,
789 3317 831 3370 ut
846 3317 907 3371 aut
923 3296 1133 3389 amicorum,

155 3426 181 3459 ‘⁸
199 3435 262 3489 aut
279 3414 508 3490 inimicorum
526 3415 699 3513 Campani
714 3421 830 3491 fimus.
879 3416 915 3492 Si
932 3415 1136 3509 defenditis,

155 3546 182 3579 “
199 3535 324 3610 vestri:
341 3539 364 3609 fi
382 3535 550 3624 deseritis,
568 3535 782 3610 Samnitium
801 3535 942 3612 erimus.
974 3541 1136 3637 Capuam

155 3669 181 3702 “
200 3683 286 3757 ergo
308 3661 342 3731 ἃ
369 3656 603 3756 Campaniam
625 3682 771 3732 omnem
792 3655 910 3732 vestris
932 3685 977 3731 an
1000 3659 1135 3732 Samni-

154 3787 180 3822 “
200 3777 292 3851 tium
307 3776 443 3852 viribus
459 3778 624 3852 accedere
637 3775 779 3864 malitis,
797 3775 997 3851 deliberate.
1046 3781 1135 3852 Om-

156 3907 182 3942 “
202 3897 308 3972 nibus
318 3897 481 3996 quidem,
497 3895 668 3984 Romani,
683 3896 830 3970 vestram
845 3895 1133 3988 misericordiam,

157 4019 426 4118 “vestrumque
453 4017 630 4092 auxilium
657 4041 814 4113 aequum
838 4015 887 4089 est
916 4039 1057 4115 patere;
1093 4017 1135 4092 iis

156 4147 318 4213 “tamen
329 4139 496 4227 maxime,
510 4135 588 4235 qui,
605 4163 684 4211 eam
698 4135 955 4236 inplorantibus
965 4135 1040 4211 aliis
1050 4163 1136 4211 aux-
