3067 5342
482 650 711 721 Llaau
764 650 808 720 Ἄ
1096 676 1141 748 ῃ

160 831 188 865 “
209 821 315 896 estis?
332 822 369 896 Si
383 844 457 897 tota
469 824 558 897 urbe
573 823 713 895 nullum
724 820 850 896 melius
865 819 1058 919 ampliusve
1071 842 1143 897 tec·

159 952 287 1016 “tum
314 942 389 1017 fieri
415 946 527 1041 polilt,
557 969 667 1040 quam
694 941 772 1016 casa
796 942 856 1016 illa
880 940 1072 1017 conditoris
1094 943 1144 1018 est

154 1046 187 1105 '“
208 1062 329 1150 nostri,
346 1088 420 1136 non
434 1061 472 1135 in
485 1064 579 1150 casis,
593 1061 663 1135 ritu
677 1062 856 1161 pastorum
867 1060 1142 1162 agrestiumque,

158 1192 187 1226 “
206 1181 364 1256 habitare
380 1181 430 1255 est
442 1179 547 1255 satius
559 1180 650 1254 inter
666 1180 758 1256 sacra
771 1178 982 1279 penatesque
999 1184 1142 1274 vestros,

157 1312 318 1399 “quam
345 1300 541 1376 exsulatum
563 1300 708 1399 publice
737 1301 810 1376 ire?
839 1303 994 1397 Majores
1021 1303 1142 1393 nostri,

157 1431 188 1464 “
205 1448 386 1496 convenae
403 1421 636 1520 pastoresque,
667 1447 783 1520 quum
800 1422 838 1495 in
855 1422 909 1496 his
933 1422 1020 1496 locis
1040 1423 1143 1512 nihil,

158 1552 188 1585 “
206 1561 342 1641 praeter
369 1544 465 1614 silvas
479 1539 708 1640 paludesque,
739 1544 834 1629 effet,
863 1568 992 1615 novam
1015 1547 1143 1618 urbem

157 1671 187 1704 “
205 1681 278 1734 tam
294 1660 392 1735 brevi
406 1659 652 1734 aedificarunt:
683 1688 760 1751 nos,
778 1660 968 1759 Capitolio,
994 1688 1072 1737 arce
1089 1662 1143 1737 in-

157 1792 186 1823 “
203 1780 355 1869 columi,
385 1779 557 1855 stantibus
584 1780 727 1879 templis
753 1783 929 1869 Deorum,
957 1782 1142 1857 aedificare

159 1910 185 1944 “
205 1897 348 1974 incensa
363 1899 489 1999 piget?
516 1904 563 1987 dt,
591 1902 692 1998 quod
706 1900 832 2001 singuli
849 1899 973 1975 sadluri
992 1900 1140 1991 suimus,

159 2031 186 2065 “
205 2021 347 2094 fiaedes
362 2020 496 2094 nostrae
513 2022 765 2119 deflagrassent,
784 2023 853 2096 hoc
871 2020 908 2094 in
926 2021 1073 2119 publico
1087 2020 1141 2097 in-

158 2150 185 2183 “
205 2138 336 2214 cendio
351 2138 500 2212 univerfi
517 2138 716 2214 recusamus
732 2138 844 2215 facere
858 2143 895 2214 ?''

209 2262 311 2334 LIV.
345 2269 370 2303 “
387 2258 489 2361 Qrid
505 2260 677 2333 tandem?
700 2262 723 2333 s1
741 2258 877 2348 fraude,
905 2262 928 2333 fi
949 2260 1029 2335 casu
1045 2261 1141 2358 vejis

161 2388 186 2424 “
205 2378 417 2453 incendium
432 2400 551 2453 ortum
568 2382 619 2467 fit,
646 2401 826 2479 ventoque
844 2385 901 2477 (ut
917 2381 991 2454 fieri
1009 2381 1144 2478 potestl·

159 2510 186 2544 “
206 2498 332 2574 diffissa
347 2502 491 2573 flamma
508 2526 674 2598 magnam
690 2522 826 2599 partem
842 2500 940 2577 urbis
954 2500 1113 2576 absumat
1127 2536 1139 2589 ;

159 2630 186 2663 ‘⁸
206 2618 358 2694 Fidenas
375 2619 472 2707 inde,
490 2640 552 2693 aut
565 2618 712 2708 Gabios,
723 2620 871 2695 aliamve
889 2646 998 2721 quam
1011 2624 1139 2696 urbem

160 2751 186 2784 “
205 2739 392 2840 quaefituri
422 2739 556 2829 sumus,
587 2766 661 2837 quo
687 2738 998 2838 transmigremus?
1033 2741 1140 2814 Adeo

160 2869 186 2903 “
206 2858 296 2933 nihil
310 2880 405 2934 tenet
420 2858 534 2933 solum
550 2858 694 2958 patriae,
717 2886 783 2935 nec
800 2862 886 2933 haec
904 2881 1005 2946 terra,
1028 2883 1140 2956 quam

160 2989 185 3022 ‘⁴
204 3001 352 3053 matrem
367 2980 602 3076 adpellamus3
627 2978 740 3053 sedin
761 2977 942 3077 superficie
963 2976 1139 3078 tignisque

161 3097 330 3173 “caritas
352 3096 456 3171 nobis
478 3096 608 3195 patriae
631 3100 790 3196 pendet?
827 3096 1023 3195 Equidem,
1055 3095 1138 3173 fate·

162 3221 272 3293 “bor
297 3218 412 3307 vobis,
444 3220 503 3292 etsr
531 3218 650 3292 minus
677 3216 822 3315 injuriae
850 3218 994 3307 vestrae,
1029 3244 1139 3316 quam

161 3350 186 3384 “
204 3366 304 3413 meae
322 3338 539 3425 calamitatis,
564 3337 758 3412 meminisse
772 3340 886 3434 juvat,
908 3364 1023 3437 quum
1044 3336 1139 3412 abes-

162 3470 186 3502 “
205 3459 292 3547 sem,
323 3458 619 3557 quotiescumque
636 3458 746 3557 patria
761 3456 799 3530 in
818 3479 975 3532 mentem
992 3458 1139 3544 veniret,

163 3590 186 3622 “
205 3582 293 3654 haec
310 3579 432 3652 omnia
447 3582 695 3665 obcurrebant,
723 3578 842 3667 colles,
867 3578 1071 3676 campique,
1105 3583 1138 3652 a

163 3710 187 3741 “
205 3698 363 3787 Tiberis,
378 3702 413 3772 ἃ
429 3696 571 3771 adsueta
586 3696 700 3771 oculis
715 3696 826 3795 regi0,
845 3702 879 3773 &
897 3699 965 3772 hoc
983 3698 1139 3784 coelum,

164 3830 188 3861 “
206 3817 271 3893 sub
297 3845 373 3916 quo
396 3840 499 3892 natus
515 3815 756 3915 educatusque
779 3818 893 3891 erlem.
944 3822 1047 3918 Qrae
1064 3842 1139 3905 vos,

165 3949 189 3982 “
207 3938 379 4040 Qrirites‚
401 3964 499 4012 nunc
516 3957 687 4011 moveant.
697 3936 815 4034 potius
833 3935 974 4011 caritate
994 3934 1067 4024 sua,
1099 3956 1140 4008 ut

166 4066 189 4101 “
207 4056 376 4133 maneatis
391 4056 430 4132 in
446 4055 526 4131 sede
542 4056 664 4145 vestra,
683 4082 791 4155 quam
807 4056 938 4157 postea,
954 4080 1070 4156 quum
1087 4083 1138 4132 re-
