3067 5342
402 775 472 850 260
723 775 1041 848 T.Ltvtt

404 942 520 1018 versus
536 946 623 1018 haec
639 941 842 1042 responsum
864 971 992 1042 anceps
1014 947 1151 1032 datum,
1177 943 1265 1042 quia
1283 942 1378 1018 fateri

405 1063 562 1162 pigebat,
589 1062 625 1137 in
649 1063 815 1161 potestate
843 1063 903 1138 sua
930 1065 1080 1140 Latinos
1102 1065 1177 1160 jam
1204 1087 1277 1136 non
1303 1063 1378 1148 effe,

405 1183 663 1283 timebantque,
689 1209 733 1258 ne
751 1186 933 1284 arguendo
948 1183 1204 1260 abalienarent:
1233 1193 1259 1226 “
1277 1185 1378 1258 Cam-

406 1312 432 1347 “
449 1329 624 1402 panorum
641 1303 747 1378 aliam
763 1303 1008 1379 conditionem
1024 1306 1104 1391 else,
1133 1302 1198 1402 qui
1221 1329 1294 1378 non
1310 1303 1378 1377 foe·

406 1433 433 1467 ‘⁸
451 1425 547 1511 dere,
571 1422 631 1498 sed
653 1449 715 1520 pet
738 1423 972 1512 deditionem,
996 1423 1034 1498 in
1060 1425 1170 1498 fidem
1191 1422 1386 1498 veniffenta

406 1553 431 1590 ‘⁸
450 1543 570 1642 itaque
587 1545 801 1642 Campanos,
824 1543 883 1618 seu
898 1543 1022 1630 velint,
1049 1541 1108 1618 seu
1125 1541 1254 1631 nolint,
1280 1541 1376 1642 quie·

405 1673 431 1708 “
451 1683 558 1738 turos.
608 1665 650 1736 In
672 1662 813 1738 foedere
839 1663 972 1740 Latino
994 1660 1084 1737 nihil
1107 1662 1187 1750 effe,
1208 1686 1283 1760 quo
1309 1663 1379 1737 bel·

404 1793 431 1832 “
447 1784 530 1871 lare,
550 1808 636 1856 cum
652 1783 784 1882 quibus
800 1783 862 1882 ipsr
878 1783 1001 1872 velint,
1023 1781 1310 1883 prohibeantur.’'

454 1901 657 2004 111.de
689 1901 890 2000 responsum
919 1905 1006 1978 ficut
1033 1901 1164 1977 dubios
1196 1900 1379 1990 Samnites,

405 2019 581 2120 quidnam
598 2021 776 2096 facturum
792 2024 1000 2097 Romanum
1020 2021 1211 2109 censerent,
1237 2020 1378 2108 dimifit,

402 2139 453 2216 ita
477 2143 677 2240 Campanos
703 2161 802 2218 metu
829 2139 1062 2228 abalienavit,
1094 2139 1256 2228 Latinos,
1284 2141 1381 2216 velut

406 2259 497 2334 nihil
510 2261 586 2356 jam
606 2287 678 2335 non
692 2260 969 2336 concedentibus
986 2260 1174 2349 Romanis,
1197 2258 1381 2334 ferociores

407 2377 504 2454 fecit.
554 2381 693 2478 Itaque,
735 2407 798 2478 per
836 2379 987 2478 speciem
1020 2377 1183 2454 adversus
1212 2379 1383 2454 Samnites

405 2497 490 2575 belli
506 2498 651 2598 parandi
668 2502 789 2578 crebra
807 2499 958 2575 concilia
977 2498 1187 2586 indicentes,
1212 2497 1381 2573 omnibus

406 2617 721 2694 consultationibus
738 2618 829 2694 inter
845 2618 877 2696 se
894 2618 1070 2718 principes
1091 2621 1230 2694 occulte
1247 2621 1381 2692 Roma·

401 2767 491 2820 num
517 2743 718 2838 coquebant
741 2741 887 2814 bellum.
935 2737 1039 2813 Huic
1056 2763 1203 2837 quoque
1219 2737 1380 2812 adversus

405 2859 590 2936 servatores
626 2857 705 2933 suos
743 2859 838 2934 bello
883 2860 1086 2954 Campanus
1123 2859 1253 2932 aderat·
1312 2861 1380 2934 Sed

405 3005 626 3079 quamquam
652 2978 774 3056 omnia
802 2979 847 3051 de
877 2976 1047 3052 industria
1072 2979 1287 3067 celabantur,
1313 2977 1381 3076 pri·

403 3099 530 3198 usque,
556 3124 665 3197 quam
681 3118 908 3174 moverentur
923 3097 1094 3186 Romani,
1117 3095 1193 3174 tolli
1216 3101 1263 3173 ab
1284 3119 1381 3198 tergo

404 3217 599 3294 Samnitem
617 3216 750 3292 hostem
770 3219 936 3292 volebant
946 3250 958 3304 3
984 3237 1102 3292 tamen
1118 3241 1180 3316 per
1195 3215 1381 3314 quosdam,

402 3337 546 3436 privatis
568 3335 726 3436 hospitiis
753 3335 1132 3436 neceffitudinibusque
1160 3337 1381 3433 conjunctos,

405 3457 539 3532 indicia
572 3455 820 3554 conjurationis
857 3458 931 3553 ejus
969 3459 1126 3534 Romam
1164 3476 1382 3531 emanarunt.

406 3575 581 3674 Juffisque
596 3598 675 3651 ante
698 3598 839 3674 tempus
859 3576 1063 3652 consulibus
1079 3577 1246 3654 abdicare
1263 3575 1297 3650 se
1309 3601 1384 3654 ma·

404 3695 562 3796 gistratu,
585 3719 659 3796 quo
676 3695 846 3770 maturius
860 3695 944 3772 novi
960 3696 1120 3772 consules
1132 3694 1295 3772 adversus
1307 3718 1382 3772 tan-

405 3837 479 3892 tam
501 3818 632 3892 molem
656 3815 738 3892 belli
767 3836 979 3906 crearentur,
1010 3817 1135 3918 religio
1160 3817 1306 3907 inceffit,
1339 3819 1384 3892 ab

405 3935 468 4025 eis,
499 3961 653 4036 quorum
670 3935 890 4010 inminutum
907 3935 1100 4035 imperium
1115 3938 1210 4026 esset,
1237 3935 1384 4012 comitia

405 4055 538 4132 haberi.
587 4057 710 4154 Itaque
728 4055 967 4155 interregnum
984 4056 1126 4132 initum.
1176 4061 1264 4134 Duo
1276 4057 1383 4132 inter·

404 4201 503 4278 reges
517 4173 672 4266 fuerunt,
690 4178 748 4251 M.
760 4175 921 4252 Valerius
936 4203 977 4253 ac
995 4179 1053 4253 M.
1071 4176 1216 4254 Fabius.
1264 4175 1384 4253 Creati
