<?xml version="1.0" encoding="UTF-8"?>
<!DOCTYPE html PUBLIC "-//W3C//DTD XHTML 1.0 Transitional//EN"
    "http://www.w3.org/TR/xhtml1/DTD/xhtml1-transitional.dtd">
<html xmlns="http://www.w3.org/1999/xhtml" xml:lang="en" lang="en">
 <head>
  <title>
</title>
<meta http-equiv="Content-Type" content="text/html;charset=utf-8" />
  <meta name='ocr-system' content='tesseract 3.04.00' />
  <meta name='ocr-capabilities' content='ocr_page ocr_carea ocr_par ocr_line ocrx_word'/>
</head>
<body>
  <div class='ocr_page' id='page_1' title='image "./tliviipatavinih00homegoog_0310.png"; bbox 0 0 3067 5342; ppageno 0'>
   <div class='ocr_carea' id='block_1_1' title="bbox 375 665 1034 764">
    <p class='ocr_par' dir='ltr' id='par_1_1' title="bbox 375 665 1034 764">
     <span class='ocr_line' id='line_1_1' title="bbox 375 665 1034 764; baseline -0.003 -24"><span class='ocrx_word' id='word_1_1' title='bbox 375 690 448 764; x_wconf 83' lang='lat'>302</span> <span class='ocrx_word' id='word_1_2' title='bbox 720 665 1034 740; x_wconf 80' lang='lat' dir='ltr'>T.Lrv11</span> 
     </span>
    </p>
   </div>
   <div class='ocr_carea' id='block_1_2' title="bbox 323 835 1355 4068">
    <p class='ocr_par' dir='ltr' id='par_1_2' title="bbox 323 835 1355 4068">
     <span class='ocr_line' id='line_1_2' title="bbox 368 835 1351 939; baseline -0.002 -23"><span class='ocrx_word' id='word_1_3' title='bbox 368 839 540 929; x_wconf 85' lang='lat' dir='ltr'>fluminis,</span> <span class='ocrx_word' id='word_1_4' title='bbox 559 851 584 890; x_wconf 89' lang='lat'>“</span> <span class='ocrx_word' id='word_1_5' title='bbox 599 843 687 938; x_wconf 88' lang='lat' dir='ltr'>Jure</span> <span class='ocrx_word' id='word_1_6' title='bbox 701 843 862 918; x_wconf 76' lang='lat' dir='ltr'>Acheros</span> <span class='ocrx_word' id='word_1_7' title='bbox 873 839 1043 928; x_wconf 86' lang='lat' dir='ltr'>vocaris,&#39;’</span> <span class='ocrx_word' id='word_1_8' title='bbox 1060 835 1190 936; x_wconf 89' lang='lat' dir='ltr'>inquit.</span> <span class='ocrx_word' id='word_1_9' title='bbox 1239 840 1351 939; x_wconf 81' lang='lat' dir='ltr'>Qrod</span> 
     </span>
     <span class='ocr_line' id='line_1_3' title="bbox 371 959 1353 1060; baseline 0 -26"><span class='ocrx_word' id='word_1_10' title='bbox 371 959 434 1035; x_wconf 91' lang='lat' dir='ltr'>ubi</span> <span class='ocrx_word' id='word_1_11' title='bbox 452 962 498 1034; x_wconf 87' lang='lat' dir='ltr'>ad</span> <span class='ocrx_word' id='word_1_12' title='bbox 521 987 620 1036; x_wconf 89' lang='lat' dir='ltr'>aures</span> <span class='ocrx_word' id='word_1_13' title='bbox 636 961 770 1037; x_wconf 90' lang='lat' dir='ltr'>accidit</span> <span class='ocrx_word' id='word_1_14' title='bbox 791 961 908 1060; x_wconf 84' lang='lat' dir='ltr'>regis;</span> <span class='ocrx_word' id='word_1_15' title='bbox 934 959 1062 1058; x_wconf 88' lang='lat' dir='ltr'>adjecit</span> <span class='ocrx_word' id='word_1_16' title='bbox 1079 962 1261 1056; x_wconf 83' lang='lat' dir='ltr'>extemplo</span> <span class='ocrx_word' id='word_1_17' title='bbox 1279 961 1353 1034; x_wconf 90' lang='lat' dir='ltr'>ani-</span> 
     </span>
     <span class='ocr_line' id='line_1_4' title="bbox 370 1078 1353 1179; baseline 0.001 -25"><span class='ocrx_word' id='word_1_18' title='bbox 370 1087 471 1154; x_wconf 88' lang='lat' dir='ltr'>mum</span> <span class='ocrx_word' id='word_1_19' title='bbox 489 1079 568 1156; x_wconf 85' lang='lat' dir='ltr'>satis</span> <span class='ocrx_word' id='word_1_20' title='bbox 590 1081 679 1168; x_wconf 87' lang='lat' dir='ltr'>suis;</span> <span class='ocrx_word' id='word_1_21' title='bbox 708 1081 932 1179; x_wconf 87' lang='lat' dir='ltr'>substititque</span> <span class='ocrx_word' id='word_1_22' title='bbox 948 1078 1095 1166; x_wconf 87' lang='lat' dir='ltr'>dubius,</span> <span class='ocrx_word' id='word_1_23' title='bbox 1126 1104 1171 1152; x_wconf 91' lang='lat' dir='ltr'>an</span> <span class='ocrx_word' id='word_1_24' title='bbox 1188 1083 1353 1155; x_wconf 80' lang='lat' dir='ltr'>tranfiret</span> 
     </span>
     <span class='ocr_line' id='line_1_5' title="bbox 323 1198 1354 1300; baseline -0.002 -24"><span class='ocrx_word' id='word_1_25' title='bbox 323 1233 335 1260; x_wconf 71' lang='lat'><strong><em>⁴</em></strong></span> <span class='ocrx_word' id='word_1_26' title='bbox 370 1204 471 1276; x_wconf 92' lang='lat' dir='ltr'>Tum</span> <span class='ocrx_word' id='word_1_27' title='bbox 488 1201 644 1276; x_wconf 91' lang='lat' dir='ltr'>Sotimus</span> <span class='ocrx_word' id='word_1_28' title='bbox 669 1200 828 1276; x_wconf 90' lang='lat' dir='ltr'>minister</span> <span class='ocrx_word' id='word_1_29' title='bbox 853 1227 899 1275; x_wconf 83' lang='lat' dir='ltr'>ex</span> <span class='ocrx_word' id='word_1_30' title='bbox 922 1201 1027 1300; x_wconf 87' lang='lat' dir='ltr'>regiis</span> <span class='ocrx_word' id='word_1_31' title='bbox 1055 1198 1187 1298; x_wconf 84' lang='lat' dir='ltr'>pueris,</span> <span class='ocrx_word' id='word_1_32' title='bbox 1215 1211 1241 1244; x_wconf 90' lang='lat'>“</span> <span class='ocrx_word' id='word_1_33' title='bbox 1261 1201 1354 1298; x_wconf 91' lang='lat' dir='ltr'>quid</span> 
     </span>
     <span class='ocr_line' id='line_1_6' title="bbox 371 1319 1353 1420; baseline 0.001 -26"><span class='ocrx_word' id='word_1_34' title='bbox 371 1333 396 1365; x_wconf 74' lang='lat'>‘⁶</span> <span class='ocrx_word' id='word_1_35' title='bbox 416 1321 453 1395; x_wconf 93' lang='lat' dir='ltr'>in</span> <span class='ocrx_word' id='word_1_36' title='bbox 469 1343 568 1396; x_wconf 89' lang='lat' dir='ltr'>tanto</span> <span class='ocrx_word' id='word_1_37' title='bbox 584 1319 789 1400; x_wconf 79' lang='lat' dir='ltr'>discrimine</span> <span class='ocrx_word' id='word_1_38' title='bbox 805 1319 954 1420; x_wconf 86' lang='lat' dir='ltr'>periculi</span> <span class='ocrx_word' id='word_1_39' title='bbox 969 1323 1213 1396; x_wconf 60' lang='lat' dir='ltr'>constaretu?</span> <span class='ocrx_word' id='word_1_40' title='bbox 1245 1319 1353 1395; x_wconf 90' lang='lat' dir='ltr'>inter·</span> 
     </span>
     <span class='ocr_line' id='line_1_7' title="bbox 369 1440 1353 1541; baseline -0.001 -25"><span class='ocrx_word' id='word_1_41' title='bbox 369 1467 508 1541; x_wconf 85' lang='lat' dir='ltr'>rogans,</span> <span class='ocrx_word' id='word_1_42' title='bbox 538 1441 685 1530; x_wconf 90' lang='lat' dir='ltr'>indicat,</span> <span class='ocrx_word' id='word_1_43' title='bbox 710 1445 878 1516; x_wconf 83' lang='lat' dir='ltr'>Lucanos</span> <span class='ocrx_word' id='word_1_44' title='bbox 892 1440 1024 1515; x_wconf 73' lang='lat' dir='ltr'>insidiis</span> <span class='ocrx_word' id='word_1_45' title='bbox 1034 1467 1201 1539; x_wconf 85' lang='lat' dir='ltr'>quaerere</span> <span class='ocrx_word' id='word_1_46' title='bbox 1218 1443 1353 1515; x_wconf 88' lang='lat' dir='ltr'>locum.</span> 
     </span>
     <span class='ocr_line' id='line_1_8' title="bbox 368 1559 1355 1665; baseline 0 -29"><span class='ocrx_word' id='word_1_47' title='bbox 368 1569 472 1665; x_wconf 78' lang='lat' dir='ltr'>Qros</span> <span class='ocrx_word' id='word_1_48' title='bbox 486 1560 551 1636; x_wconf 91' lang='lat' dir='ltr'>ubi</span> <span class='ocrx_word' id='word_1_49' title='bbox 574 1560 724 1660; x_wconf 85' lang='lat' dir='ltr'>respexit</span> <span class='ocrx_word' id='word_1_50' title='bbox 747 1587 808 1634; x_wconf 81' lang='lat' dir='ltr'>rex</span> <span class='ocrx_word' id='word_1_51' title='bbox 824 1563 949 1659; x_wconf 86' lang='lat' dir='ltr'>procul</span> <span class='ocrx_word' id='word_1_52' title='bbox 973 1587 1080 1660; x_wconf 85' lang='lat' dir='ltr'>grege</span> <span class='ocrx_word' id='word_1_53' title='bbox 1099 1559 1194 1634; x_wconf 64' lang='lat' dir='ltr'>fatto</span> <span class='ocrx_word' id='word_1_54' title='bbox 1207 1561 1355 1636; x_wconf 81' lang='lat' dir='ltr'>venien·</span> 
     </span>
     <span class='ocr_line' id='line_1_9' title="bbox 369 1679 1354 1780; baseline 0 -24"><span class='ocrx_word' id='word_1_55' title='bbox 369 1705 434 1770; x_wconf 84' lang='lat' dir='ltr'>tes,</span> <span class='ocrx_word' id='word_1_56' title='bbox 478 1679 616 1780; x_wconf 87' lang='lat' dir='ltr'>stringit</span> <span class='ocrx_word' id='word_1_57' title='bbox 645 1679 821 1780; x_wconf 75' lang='lat' dir='ltr'>gladium,</span> <span class='ocrx_word' id='word_1_58' title='bbox 851 1684 886 1753; x_wconf 79' lang='lat' dir='ltr'>ar</span> <span class='ocrx_word' id='word_1_59' title='bbox 918 1705 980 1778; x_wconf 90' lang='lat' dir='ltr'>per</span> <span class='ocrx_word' id='word_1_60' title='bbox 1012 1679 1176 1755; x_wconf 87' lang='lat' dir='ltr'>medium</span> <span class='ocrx_word' id='word_1_61' title='bbox 1208 1707 1354 1756; x_wconf 85' lang='lat' dir='ltr'>amnem</span> 
     </span>
     <span class='ocr_line' id='line_1_10' title="bbox 369 1800 1353 1902; baseline 0 -26"><span class='ocrx_word' id='word_1_62' title='bbox 369 1800 571 1876; x_wconf 86' lang='lat' dir='ltr'>transmittit</span> <span class='ocrx_word' id='word_1_63' title='bbox 594 1827 742 1900; x_wconf 89' lang='lat' dir='ltr'>equum.</span> <span class='ocrx_word' id='word_1_64' title='bbox 793 1803 948 1900; x_wconf 86' lang='lat' dir='ltr'>Jamque</span> <span class='ocrx_word' id='word_1_65' title='bbox 971 1800 1009 1874; x_wconf 91' lang='lat' dir='ltr'>in</span> <span class='ocrx_word' id='word_1_66' title='bbox 1025 1803 1161 1876; x_wconf 86' lang='lat' dir='ltr'>vadum</span> <span class='ocrx_word' id='word_1_67' title='bbox 1178 1805 1353 1902; x_wconf 81' lang='lat' dir='ltr'>egressum</span> 
     </span>
     <span class='ocr_line' id='line_1_11' title="bbox 369 1919 1353 2020; baseline 0 -24"><span class='ocrx_word' id='word_1_68' title='bbox 369 1922 510 1998; x_wconf 86' lang='lat' dir='ltr'>eminus</span> <span class='ocrx_word' id='word_1_69' title='bbox 527 1945 650 1997; x_wconf 90' lang='lat' dir='ltr'>veruto</span> <span class='ocrx_word' id='word_1_70' title='bbox 667 1925 837 1997; x_wconf 84' lang='lat' dir='ltr'>Lucanus</span> <span class='ocrx_word' id='word_1_71' title='bbox 846 1919 943 1995; x_wconf 83' lang='lat' dir='ltr'>exsul</span> <span class='ocrx_word' id='word_1_72' title='bbox 959 1919 1142 2020; x_wconf 88' lang='lat' dir='ltr'>transfigit.</span> <span class='ocrx_word' id='word_1_73' title='bbox 1191 1921 1353 2020; x_wconf 86' lang='lat' dir='ltr'>Lapsum</span> 
     </span>
     <span class='ocr_line' id='line_1_12' title="bbox 372 2041 1351 2140; baseline -0.002 -22"><span class='ocrx_word' id='word_1_74' title='bbox 372 2041 459 2118; x_wconf 88' lang='lat' dir='ltr'>inde</span> <span class='ocrx_word' id='word_1_75' title='bbox 476 2069 562 2118; x_wconf 92' lang='lat' dir='ltr'>cum</span> <span class='ocrx_word' id='word_1_76' title='bbox 580 2042 780 2116; x_wconf 84' lang='lat' dir='ltr'>inhaerente</span> <span class='ocrx_word' id='word_1_77' title='bbox 802 2042 873 2116; x_wconf 94' lang='lat' dir='ltr'>telo</span> <span class='ocrx_word' id='word_1_78' title='bbox 890 2067 1017 2140; x_wconf 90' lang='lat' dir='ltr'>corpus</span> <span class='ocrx_word' id='word_1_79' title='bbox 1039 2041 1203 2115; x_wconf 84' lang='lat' dir='ltr'>exanime</span> <span class='ocrx_word' id='word_1_80' title='bbox 1219 2041 1351 2116; x_wconf 89' lang='lat' dir='ltr'>detulit</span> 
     </span>
     <span class='ocr_line' id='line_1_13' title="bbox 371 2160 1351 2261; baseline -0.002 -23"><span class='ocrx_word' id='word_1_81' title='bbox 371 2163 484 2240; x_wconf 88' lang='lat' dir='ltr'>amnis</span> <span class='ocrx_word' id='word_1_82' title='bbox 501 2164 539 2237; x_wconf 93' lang='lat' dir='ltr'>in</span> <span class='ocrx_word' id='word_1_83' title='bbox 568 2161 723 2237; x_wconf 91' lang='lat' dir='ltr'>hostium</span> <span class='ocrx_word' id='word_1_84' title='bbox 750 2160 926 2261; x_wconf 72' lang='lat' dir='ltr'>praesidia</span> <span class='ocrx_word' id='word_1_85' title='bbox 975 2160 1032 2236; x_wconf 91' lang='lat' dir='ltr'>Ibi</span> <span class='ocrx_word' id='word_1_86' title='bbox 1060 2160 1165 2235; x_wconf 89' lang='lat' dir='ltr'>foeda</span> <span class='ocrx_word' id='word_1_87' title='bbox 1186 2161 1351 2236; x_wconf 85' lang='lat' dir='ltr'>laceratio</span> 
     </span>
     <span class='ocr_line' id='line_1_14' title="bbox 370 2279 1351 2380; baseline -0.001 -23"><span class='ocrx_word' id='word_1_88' title='bbox 370 2282 525 2380; x_wconf 89' lang='lat' dir='ltr'>corporis</span> <span class='ocrx_word' id='word_1_89' title='bbox 558 2281 657 2356; x_wconf 73' lang='lat' dir='ltr'>faeta</span> <span class='ocrx_word' id='word_1_90' title='bbox 707 2285 889 2380; x_wconf 88' lang='lat' dir='ltr'>Namque,</span> <span class='ocrx_word' id='word_1_91' title='bbox 915 2279 1069 2380; x_wconf 90' lang='lat' dir='ltr'>praeciso</span> <span class='ocrx_word' id='word_1_92' title='bbox 1096 2281 1232 2370; x_wconf 89' lang='lat' dir='ltr'>medio,</span> <span class='ocrx_word' id='word_1_93' title='bbox 1273 2307 1351 2379; x_wconf 90' lang='lat' dir='ltr'>pat-</span> 
     </span>
     <span class='ocr_line' id='line_1_15' title="bbox 369 2400 1349 2500; baseline 0 -24"><span class='ocrx_word' id='word_1_94' title='bbox 369 2423 442 2476; x_wconf 90' lang='lat' dir='ltr'>tem</span> <span class='ocrx_word' id='word_1_95' title='bbox 469 2400 696 2477; x_wconf 89' lang='lat' dir='ltr'>Consentiam</span> <span class='ocrx_word' id='word_1_96' title='bbox 722 2400 860 2476; x_wconf 84' lang='lat' dir='ltr'>misere:</span> <span class='ocrx_word' id='word_1_97' title='bbox 894 2427 972 2500; x_wconf 86' lang='lat' dir='ltr'>pars</span> <span class='ocrx_word' id='word_1_98' title='bbox 988 2400 1066 2500; x_wconf 78' lang='lat' dir='ltr'>ipsis</span> <span class='ocrx_word' id='word_1_99' title='bbox 1080 2421 1213 2476; x_wconf 89' lang='lat' dir='ltr'>retenta</span> <span class='ocrx_word' id='word_1_100' title='bbox 1230 2403 1277 2475; x_wconf 91' lang='lat' dir='ltr'>ad</span> <span class='ocrx_word' id='word_1_101' title='bbox 1295 2405 1349 2477; x_wconf 94' lang='lat' dir='ltr'>lu-</span> 
     </span>
     <span class='ocr_line' id='line_1_16' title="bbox 369 2519 1349 2623; baseline 0.003 -27"><span class='ocrx_word' id='word_1_102' title='bbox 369 2520 540 2598; x_wconf 89' lang='lat' dir='ltr'>dibrium.</span> <span class='ocrx_word' id='word_1_103' title='bbox 593 2526 697 2623; x_wconf 82' lang='lat' dir='ltr'>Qrae</span> <span class='ocrx_word' id='word_1_104' title='bbox 727 2547 844 2620; x_wconf 91' lang='lat' dir='ltr'>quum</span> <span class='ocrx_word' id='word_1_105' title='bbox 870 2521 997 2617; x_wconf 87' lang='lat' dir='ltr'>jaculis</span> <span class='ocrx_word' id='word_1_106' title='bbox 1029 2519 1187 2620; x_wconf 86' lang='lat' dir='ltr'>saxisque</span> <span class='ocrx_word' id='word_1_107' title='bbox 1220 2527 1349 2620; x_wconf 90' lang='lat' dir='ltr'>procul</span> 
     </span>
     <span class='ocr_line' id='line_1_17' title="bbox 369 2631 1348 2730; baseline 0.002 -14"><span class='ocrx_word' id='word_1_108' title='bbox 369 2641 603 2730; x_wconf 77' lang='lat' dir='ltr'>incesseretur,</span> <span class='ocrx_word' id='word_1_109' title='bbox 636 2640 764 2714; x_wconf 88' lang='lat' dir='ltr'>mulier</span> <span class='ocrx_word' id='word_1_110' title='bbox 792 2665 876 2729; x_wconf 85' lang='lat' dir='ltr'>una,</span> <span class='ocrx_word' id='word_1_111' title='bbox 910 2643 1003 2715; x_wconf 91' lang='lat' dir='ltr'>ultra</span> <span class='ocrx_word' id='word_1_112' title='bbox 1026 2643 1263 2718; x_wconf 88' lang='lat' dir='ltr'>humanarum</span> <span class='ocrx_word' id='word_1_113' title='bbox 1282 2631 1348 2718; x_wconf 77' lang='lat' dir='ltr'>ira·</span> 
     </span>
     <span class='ocr_line' id='line_1_18' title="bbox 369 2759 1350 2862; baseline 0.003 -25"><span class='ocrx_word' id='word_1_114' title='bbox 369 2788 449 2837; x_wconf 90' lang='lat' dir='ltr'>rum</span> <span class='ocrx_word' id='word_1_115' title='bbox 465 2763 574 2836; x_wconf 88' lang='lat' dir='ltr'>fidem</span> <span class='ocrx_word' id='word_1_116' title='bbox 591 2759 752 2836; x_wconf 89' lang='lat' dir='ltr'>saevienti</span> <span class='ocrx_word' id='word_1_117' title='bbox 768 2763 891 2836; x_wconf 87' lang='lat' dir='ltr'>turbae</span> <span class='ocrx_word' id='word_1_118' title='bbox 914 2759 1077 2851; x_wconf 81' lang='lat' dir='ltr'>inmixta,</span> <span class='ocrx_word' id='word_1_119' title='bbox 1103 2784 1146 2836; x_wconf 92' lang='lat' dir='ltr'>ut</span> <span class='ocrx_word' id='word_1_120' title='bbox 1162 2789 1350 2862; x_wconf 86' lang='lat' dir='ltr'>parumper</span> 
     </span>
     <span class='ocr_line' id='line_1_19' title="bbox 369 2880 1349 2981; baseline 0.002 -23"><span class='ocrx_word' id='word_1_121' title='bbox 369 2881 574 2958; x_wconf 88' lang='lat' dir='ltr'>sustinerent</span> <span class='ocrx_word' id='word_1_122' title='bbox 589 2903 738 2981; x_wconf 86' lang='lat' dir='ltr'>precata,</span> <span class='ocrx_word' id='word_1_123' title='bbox 765 2883 853 2955; x_wconf 88' lang='lat' dir='ltr'>flens</span> <span class='ocrx_word' id='word_1_124' title='bbox 869 2888 930 2970; x_wconf 83' lang='lat' dir='ltr'>alt,</span> <span class='ocrx_word' id='word_1_125' title='bbox 955 2892 980 2927; x_wconf 81' lang='lat'>‘⁴</span> <span class='ocrx_word' id='word_1_126' title='bbox 995 2880 1113 2956; x_wconf 90' lang='lat' dir='ltr'>virum</span> <span class='ocrx_word' id='word_1_127' title='bbox 1130 2883 1193 2958; x_wconf 89' lang='lat' dir='ltr'>fibi</span> <span class='ocrx_word' id='word_1_128' title='bbox 1206 2883 1349 2960; x_wconf 88' lang='lat' dir='ltr'>liberos·</span> 
     </span>
     <span class='ocr_line' id='line_1_20' title="bbox 369 3000 1349 3104; baseline 0.004 -26"><span class='ocrx_word' id='word_1_129' title='bbox 369 3013 483 3104; x_wconf 87' lang='lat' dir='ltr'>“que</span> <span class='ocrx_word' id='word_1_130' title='bbox 513 3023 630 3100; x_wconf 87' lang='lat' dir='ltr'>captos</span> <span class='ocrx_word' id='word_1_131' title='bbox 658 3004 755 3100; x_wconf 91' lang='lat' dir='ltr'>apud</span> <span class='ocrx_word' id='word_1_132' title='bbox 778 3001 893 3076; x_wconf 88' lang='lat' dir='ltr'>hostes</span> <span class='ocrx_word' id='word_1_133' title='bbox 918 3004 1001 3076; x_wconf 83' lang='lat' dir='ltr'>effe:</span> <span class='ocrx_word' id='word_1_134' title='bbox 1026 3000 1172 3098; x_wconf 89' lang='lat' dir='ltr'>sperare,</span> <span class='ocrx_word' id='word_1_135' title='bbox 1202 3030 1349 3104; x_wconf 90' lang='lat' dir='ltr'>corpore</span> 
     </span>
     <span class='ocr_line' id='line_1_21' title="bbox 369 3120 1349 3221; baseline 0.002 -24"><span class='ocrx_word' id='word_1_136' title='bbox 369 3135 395 3170; x_wconf 90' lang='lat'><strong>“</strong></span> <span class='ocrx_word' id='word_1_137' title='bbox 414 3121 512 3221; x_wconf 87' lang='lat' dir='ltr'>regio</span> <span class='ocrx_word' id='word_1_138' title='bbox 533 3142 732 3221; x_wconf 87' lang='lat' dir='ltr'>utcumque</span> <span class='ocrx_word' id='word_1_139' title='bbox 748 3123 904 3196; x_wconf 89' lang='lat' dir='ltr'>mulcato</span> <span class='ocrx_word' id='word_1_140' title='bbox 920 3120 953 3196; x_wconf 90' lang='lat' dir='ltr'>se</span> <span class='ocrx_word' id='word_1_141' title='bbox 969 3121 1047 3197; x_wconf 84' lang='lat' dir='ltr'>suos</span> <span class='ocrx_word' id='word_1_142' title='bbox 1075 3125 1349 3202; x_wconf 83' lang='lat' dir='ltr'>redemturam.”</span> 
     </span>
     <span class='ocr_line' id='line_1_22' title="bbox 368 3241 1347 3342; baseline 0.002 -23"><span class='ocrx_word' id='word_1_143' title='bbox 368 3246 402 3319; x_wconf 92' lang='lat' dir='ltr'>Is</span> <span class='ocrx_word' id='word_1_144' title='bbox 418 3241 498 3318; x_wconf 89' lang='lat' dir='ltr'>finis</span> <span class='ocrx_word' id='word_1_145' title='bbox 513 3241 711 3318; x_wconf 86' lang='lat' dir='ltr'>lacerationi</span> <span class='ocrx_word' id='word_1_146' title='bbox 723 3241 804 3316; x_wconf 88' lang='lat' dir='ltr'>suit.</span> <span class='ocrx_word' id='word_1_147' title='bbox 853 3244 1113 3342; x_wconf 89' lang='lat' dir='ltr'>Sepultumque</span> <span class='ocrx_word' id='word_1_148' title='bbox 1123 3243 1347 3338; x_wconf 86' lang='lat' dir='ltr'>Consentiae,</span> 
     </span>
     <span class='ocr_line' id='line_1_23' title="bbox 369 3348 1348 3461; baseline 0.008 -27"><span class='ocrx_word' id='word_1_149' title='bbox 369 3364 471 3460; x_wconf 94' lang='lat' dir='ltr'>quod</span> <span class='ocrx_word' id='word_1_150' title='bbox 496 3364 736 3436; x_wconf 86' lang='lat' dir='ltr'>membrorum</span> <span class='ocrx_word' id='word_1_151' title='bbox 763 3361 943 3461; x_wconf 89' lang='lat' dir='ltr'>reliquum</span> <span class='ocrx_word' id='word_1_152' title='bbox 967 3362 1050 3452; x_wconf 87' lang='lat' dir='ltr'>suit,</span> <span class='ocrx_word' id='word_1_153' title='bbox 1075 3348 1162 3438; x_wconf 82' lang='lat' dir='ltr'>cura</span> <span class='ocrx_word' id='word_1_154' title='bbox 1189 3365 1348 3443; x_wconf 87' lang='lat' dir='ltr'>mulieris</span> 
     </span>
     <span class='ocr_line' id='line_1_24' title="bbox 368 3481 1346 3581; baseline 0.004 -24"><span class='ocrx_word' id='word_1_155' title='bbox 368 3481 491 3557; x_wconf 85' lang='lat' dir='ltr'>unius:</span> <span class='ocrx_word' id='word_1_156' title='bbox 519 3484 660 3580; x_wconf 82' lang='lat' dir='ltr'>ossaque</span> <span class='ocrx_word' id='word_1_157' title='bbox 693 3483 947 3581; x_wconf 87' lang='lat' dir='ltr'>Metapontum</span> <span class='ocrx_word' id='word_1_158' title='bbox 972 3485 1019 3558; x_wconf 93' lang='lat' dir='ltr'>ad</span> <span class='ocrx_word' id='word_1_159' title='bbox 1048 3483 1163 3559; x_wconf 84' lang='lat' dir='ltr'>hostes</span> <span class='ocrx_word' id='word_1_160' title='bbox 1191 3486 1346 3575; x_wconf 82' lang='lat' dir='ltr'>remissa3</span> 
     </span>
     <span class='ocr_line' id='line_1_25' title="bbox 368 3600 1347 3702; baseline 0.007 -27"><span class='ocrx_word' id='word_1_161' title='bbox 368 3601 452 3675; x_wconf 91' lang='lat' dir='ltr'>inde</span> <span class='ocrx_word' id='word_1_162' title='bbox 471 3600 623 3699; x_wconf 87' lang='lat' dir='ltr'>Epirum</span> <span class='ocrx_word' id='word_1_163' title='bbox 641 3601 787 3676; x_wconf 72' lang='lat' dir='ltr'>devesla</span> <span class='ocrx_word' id='word_1_164' title='bbox 808 3603 854 3676; x_wconf 90' lang='lat' dir='ltr'>ad</span> <span class='ocrx_word' id='word_1_165' title='bbox 880 3605 1104 3702; x_wconf 82' lang='lat' dir='ltr'>Cleopatram</span> <span class='ocrx_word' id='word_1_166' title='bbox 1127 3631 1277 3680; x_wconf 86' lang='lat' dir='ltr'>uxorem</span> <span class='ocrx_word' id='word_1_167' title='bbox 1293 3603 1347 3682; x_wconf 90' lang='lat' dir='ltr'>so-</span> 
     </span>
     <span class='ocr_line' id='line_1_26' title="bbox 368 3721 1347 3825; baseline 0.003 -27"><span class='ocrx_word' id='word_1_168' title='bbox 368 3746 554 3819; x_wconf 90' lang='lat' dir='ltr'>roremque</span> <span class='ocrx_word' id='word_1_169' title='bbox 587 3721 864 3818; x_wconf 77' lang='lat' dir='ltr'>Olympiademe</span> <span class='ocrx_word' id='word_1_170' title='bbox 891 3750 1044 3822; x_wconf 88' lang='lat' dir='ltr'>quarum</span> <span class='ocrx_word' id='word_1_171' title='bbox 1076 3746 1187 3800; x_wconf 88' lang='lat' dir='ltr'>mater</span> <span class='ocrx_word' id='word_1_172' title='bbox 1216 3727 1347 3825; x_wconf 87' lang='lat' dir='ltr'>Magni</span> 
     </span>
     <span class='ocr_line' id='line_1_27' title="bbox 369 3838 1347 3928; baseline 0.005 -11"><span class='ocrx_word' id='word_1_173' title='bbox 369 3838 563 3917; x_wconf 85' lang='lat' dir='ltr'>Alexandri</span> <span class='ocrx_word' id='word_1_174' title='bbox 600 3841 717 3928; x_wconf 84' lang='lat' dir='ltr'>altera,</span> <span class='ocrx_word' id='word_1_175' title='bbox 756 3841 850 3917; x_wconf 89' lang='lat' dir='ltr'>soror</span> <span class='ocrx_word' id='word_1_176' title='bbox 881 3845 988 3920; x_wconf 87' lang='lat' dir='ltr'>altera</span> <span class='ocrx_word' id='word_1_177' title='bbox 1018 3845 1100 3922; x_wconf 78' lang='lat' dir='ltr'>fuit</span> <span class='ocrx_word' id='word_1_178' title='bbox 1163 3849 1267 3922; x_wconf 91' lang='lat' dir='ltr'>Haec</span> <span class='ocrx_word' id='word_1_179' title='bbox 1300 3847 1347 3921; x_wconf 90' lang='lat' dir='ltr'>de</span> 
     </span>
     <span class='ocr_line' id='line_1_28' title="bbox 368 3959 1345 4068; baseline 0.003 -28"><span class='ocrx_word' id='word_1_180' title='bbox 368 3959 564 4040; x_wconf 83' lang='lat' dir='ltr'>Alexandri</span> <span class='ocrx_word' id='word_1_181' title='bbox 600 3959 774 4059; x_wconf 79' lang='lat' dir='ltr'>Epirensis</span> <span class='ocrx_word' id='word_1_182' title='bbox 806 3960 894 4036; x_wconf 88' lang='lat' dir='ltr'>tristi</span> <span class='ocrx_word' id='word_1_183' title='bbox 935 3986 1079 4057; x_wconf 84' lang='lat' dir='ltr'>eventu,</span> <span class='ocrx_word' id='word_1_184' title='bbox 1126 3992 1345 4068; x_wconf 87' lang='lat' dir='ltr'>quamquam</span> 
     </span>
    </p>
   </div>
   <div class='ocr_carea' id='block_1_3' title="bbox 0 0 1538 5342">
    <p class='ocr_par' dir='ltr' id='par_1_3' title="bbox 0 0 1538 5342">
     <span class='ocr_line' id='line_1_29' title="bbox 0 0 1538 5342; baseline 0 1"><span class='ocrx_word' id='word_1_185' title='bbox 0 0 1538 5342; x_wconf 95' lang='lat' dir='ltr'> </span> 
     </span>
    </p>
   </div>
  </div>
 </body>
</html>
