3067 5342
413 759 484 831 228
746 754 1061 830 T.L1v1r

416 923 563 998 “ilium
592 925 683 1001 dum
710 924 813 1026 supra
837 926 927 1002 vires
956 925 1031 1002 suas
1056 923 1242 1026 praestant,
1271 947 1387 998 omnes

414 1055 441 1091 “
458 1045 520 1144 ipsr
530 1045 569 1120 in
578 1047 670 1122 hanc
683 1049 916 1122 necessitatem
929 1067 1112 1120 venerunt
1161 1047 1389 1144 Qamquam
1529 1089 1530 1094 ,

414 1165 696 1264 “pugnavimus
717 1170 829 1242 verbo
850 1192 914 1265 pro
930 1164 1109 1253 Sidicinis,
1132 1186 1252 1261 repro
1276 1161 1389 1251 nobis,

414 1295 440 1329 “
460 1310 576 1384 quum
598 1285 801 1360 videremus
831 1285 1027 1360 finitimum
1054 1284 1232 1383 populum
1261 1281 1392 1357 nefario

414 1414 440 1449 “
458 1405 643 1481 latrocinio
653 1405 867 1481 Samnitium
877 1405 973 1504 pcti3
992 1409 1040 1492 δι,
1055 1403 1121 1479 ubi
1132 1403 1394 1501 conflagrallent

413 1535 441 1570 “
458 1524 622 1614 Sidicini,
656 1527 702 1600 ad
729 1551 793 1600 nos
823 1526 1048 1622 trajediutum
1070 1523 1161 1599 illud
1185 1521 1395 1597 incendium

412 1655 439 1688 “
456 1647 535 1719 effe.
576 1648 658 1720 Nec
674 1645 772 1721 enim
789 1671 899 1734 nunc,
917 1643 1003 1744 quia
1016 1644 1138 1719 dolent
1155 1640 1322 1739 injuriam
1338 1667 1394 1716 ac·

414 1773 440 1808 ‘⁴
458 1786 599 1862 ceptam
613 1765 802 1854 Samnites,
817 1765 877 1840 sed
890 1764 976 1864 quia
992 1766 1149 1864 gaudent
1163 1765 1319 1839 oblatam
1334 1760 1396 1836 srbi

415 1893 442 1928 “
461 1885 527 1957 effe
544 1886 709 1974 caudam,
722 1889 971 1984 obpugnatum
985 1911 1049 1958 nos
1063 1883 1223 1958 veniunt.
1274 1885 1349 1970 An,
1374 1885 1396 1956 fi

413 2004 549 2079 “ultio
572 2003 642 2080 irae
664 2007 764 2094 haec,
791 2010 827 2080 a
848 2031 920 2080 non
943 2007 1075 2080 occasio
1102 1997 1309 2101 cupiditatis
1336 2025 1396 2073 ex·

415 2136 441 2170 “
459 2127 610 2226 plendae
633 2127 729 2214 effer,
754 2149 880 2223 patum
897 2122 979 2212 fuit,
1003 2125 1105 2223 quod
1124 2120 1230 2197 semel
1247 2120 1286 2194 in
1304 2119 1397 2195 Sidi-

416 2256 442 2289 “
461 2245 544 2319 cino
571 2271 668 2344 agrO,
698 2243 829 2319 iterum
859 2243 896 2318 in
924 2241 1121 2340 Campania
1143 2237 1217 2338 ipsa
1238 2240 1397 2339 legiones

416 2373 443 2407 “
462 2363 591 2437 nostras
614 2363 801 2438 cecidere?
830 2367 934 2462 Quae
955 2361 1005 2436 est
1024 2360 1089 2434 ista
1103 2379 1175 2434 tarn
1193 2359 1321 2434 infesta
1336 2361 1398 2449 ira,

415 2491 442 2525 “
461 2507 570 2580 quam
595 2503 659 2581 per
680 2483 768 2556 duas
789 2480 880 2556 acies
899 2479 996 2556 fusus
1013 2479 1151 2580 sanguis
1168 2481 1310 2578 explere
1325 2506 1396 2554 non

416 2612 443 2646 “
460 2601 642 2702 potuerit?
677 2601 786 2674 Adde
815 2603 886 2676 huc
919 2598 1187 2699 populationem
1217 2624 1395 2698 agrorum,

416 2731 443 2764 “
461 2723 605 2818 praedas
621 2719 812 2794 hominum
827 2741 933 2817 atque
950 2721 1133 2817 pecudum
1151 2721 1255 2807 adas,
1274 2719 1395 2794 incen-

415 2840 521 2914 “dia
551 2839 715 2914 villarum
747 2865 789 2914 ac
817 2839 947 2928 ruinas,
981 2838 1102 2913 omnia
1128 2839 1220 2914 ferro
1247 2838 1394 2939 ignique

418 2971 444 3004 “
462 2960 601 3035 vastata
652 2957 802 3034 Hiscine
829 2958 879 3033 ira
905 2958 1037 3056 expleri
1066 2983 1138 3033 non
1157 2959 1298 3059 potuit?
1328 2963 1395 3034 Sed

418 3079 639 3180 “cupiditas
660 3080 836 3174 explenda
862 3077 921 3152 est.
973 3081 1027 3151 Ea
1049 3080 1095 3180 ad
1118 3081 1397 3178 obpugnandam

417 3200 626 3297 “Capuam
658 3195 759 3295 rapit.
811 3203 889 3272 Aut
913 3199 1029 3272 delere
1055 3201 1183 3273 urbem
1202 3197 1395 3296 pulcherri-

419 3329 445 3363 “
464 3344 574 3406 marn,
592 3337 654 3392 aut
670 3316 730 3414 ipss
747 3319 916 3414 possidere
932 3318 1069 3393 volunt.
1100 3319 1170 3391 Sed
1186 3344 1248 3392 vos
1265 3318 1396 3418 potius,

418 3447 444 3481 “
463 3437 635 3524 Romani,
661 3435 836 3510 beneficio
852 3437 965 3511 vestro
982 3459 1155 3535 occupate
1172 3464 1264 3527 eam,
1288 3465 1396 3537 quam

418 3566 445 3600 “
464 3555 541 3630 illos
557 3559 685 3631 habere
702 3581 765 3652 per
782 3556 997 3632 maleficium
1015 3556 1139 3632 finatis.
1166 3561 1260 3632 Non·
1271 3561 1398 3658 loquor

419 3676 562 3775 “apud
589 3673 806 3749 recusantem
817 3675 911 3771 justa
935 3677 1026 3751 bella
1045 3679 1242 3775 populum;
1266 3677 1327 3754 sed
1349 3699 1396 3752 ta·
1529 3713 1530 3782 3

418 3807 445 3841 “
463 3822 560 3883 men,
585 3797 609 3868 sr
625 3793 844 3869 ostenderitis
857 3795 989 3870 auxilia
1001 3797 1123 3886 vestra3
1145 3825 1188 3873 ne
1205 3798 1301 3873 bello
1318 3799 1396 3897 qui·
1529 3885 1530 3888 Ἴ

419 3927 446 3961 “
465 3919 549 3991 dem
562 3914 710 3989 arbitror
719 3915 821 3990 vobis
831 3939 921 4010 opus
934 3915 1019 3992 fore.
1046 3919 1171 4018 Usque
1182 3920 1227 3992 ad
1237 3945 1302 3992 nos
1315 3945 1397 3994 con·
1529 3905 1530 3982 l

419 4046 445 4081 “
464 4056 595 4111 temtus
611 4033 825 4109 Samnitium
836 4036 1007 4133 pervenit,
1025 4037 1127 4136 supra
1144 4065 1216 4113 non
1233 4037 1397 4112 escendit.

420 4166 446 4200 “
464 4158 589 4256 Itaque
600 4157 728 4232 umbra
739 4154 843 4231 vestri
856 4155 994 4248 auxilii,
1011 4158 1183 4251 Romani,
1200 4159 1272 4259 tegi
1285 4161 1397 4260 poffu·
1529 4187 1530 4278 p
