3067 5342
502 717 734 792 L1aart
785 713 852 792 IX.
946 763 949 774 ι
1112 681 1186 816 ito5

199 883 356 965 maxime
379 888 464 986 suit)
496 891 648 967 consulis
676 891 780 992 ipsius
804 893 945 968 vulnus.
1008 891 1069 967 Ob
1096 891 1182 966 haec

199 1007 306 1083 etiarn
327 1013 430 1084 aucta
455 1008 548 1086 fama
573 1017 629 1109 (ut
651 1012 750 1107 solet)
784 1012 909 1113 ingens
935 1033 1044 1087 terror
1065 1011 1182 1087 Patres
1281 1109 1285 1118 1

199 1126 333 1218 invasit,
364 1129 644 1230 dictatoremque
669 1132 743 1208 dici
767 1133 951 1230 placebatt
980 1158 1059 1220 nec,
1090 1131 1181 1230 quin

199 1246 329 1322 Cursor
359 1249 523 1348 Papirius
549 1245 737 1340 diceretur,
764 1249 803 1325 in
833 1273 908 1350 quo
941 1272 1020 1327 tum
1044 1249 1183 1325 summa

197 1366 248 1440 rei
278 1368 423 1444 bellicae
452 1374 663 1467 ponebatur,
703 1370 860 1446 dubium
887 1370 1057 1472 cuiquam
1088 1391 1180 1446 erat:

198 1486 259 1562 sed
286 1515 353 1564 nec
374 1489 413 1564 in
430 1489 615 1566 Samnium
632 1482 808 1566 nuncium
828 1490 985 1589 perferri,
1013 1487 1182 1564 omnibus

198 1606 344 1699 infestis,
372 1629 453 1686 tuto
468 1614 585 1710 posse3
617 1638 684 1686 nec
706 1609 824 1685 vivere
849 1609 1032 1686 Marcium
1056 1607 1181 1686 consu·

196 1727 267 1802 lem
290 1728 368 1804 satis
399 1733 568 1806 fidebant.
620 1732 721 1806 Alter
736 1729 859 1804 consul
876 1729 1009 1807 Fabius
1035 1728 1181 1805 infestus

195 1847 360 1946 privatim
377 1849 520 1948 Papirio
543 1872 635 1926 erat:
666 1876 757 1950 quae
779 1877 824 1924 ne
851 1849 901 1924 ira
917 1849 1067 1927 obstaret
1083 1853 1181 1925 bono

195 1971 358 2067 publico,
384 1972 518 2070 legatos
535 1997 580 2046 ex
597 1969 833 2046 consularium
860 1996 1009 2045 numero
1036 1969 1179 2044 mitten·

195 2090 261 2163 dos
271 2092 317 2163 ad
333 2115 418 2163 eum
435 2089 571 2165 senatus
585 2089 736 2166 censuit:
760 2089 824 2190 qui
840 2088 900 2164 sua
916 2111 1062 2188 quoque
1079 2115 1177 2177 eum,

194 2235 267 2283 non
305 2208 451 2306 publica
488 2207 616 2298 solum,
664 2209 870 2285 audoritate
904 2229 1100 2298 moverent,
1137 2229 1179 2282 ut

194 2328 404 2402 memoriam
428 2328 658 2404 simultatium
687 2328 818 2427 patriae
842 2328 1043 2404 remitteret.
1093 2329 1178 2402 Pro·

193 2447 276 2522 seui
306 2447 413 2548 legati
443 2449 490 2522 ad
516 2448 671 2524 Fabium
693 2475 809 2547 quum
841 2445 1179 2522 senatusconsultum

193 2567 423 2655 tradidissent,
457 2567 730 2668 adjeciffentque
747 2567 942 2642 orationem
962 2568 1176 2643 convenien-

193 2709 266 2762 tem
288 2687 476 2775 mandatis,
511 2686 646 2776 consul,
680 2687 832 2762 demillis
849 2686 887 2762 in
905 2709 1030 2762 terram
1049 2685 1176 2774 oculis,

165 2907 169 2913 Ι
192 2805 321 2882 tacitus
337 2810 383 2881 ab
401 2805 555 2897 incertis,
581 2807 757 2905 quidnam
776 2811 916 2882 acturus
934 2808 1028 2896 esset,
1054 2803 1177 2905 legatis

192 2929 335 3001 receffit.
384 2930 503 3001 Noae
520 2925 654 3002 deinde
676 2927 811 3002 filentio
848 2933 905 3027 (ut
930 2952 1007 3000 mos
1030 2925 1095 3019 est)
1127 2925 1174 2999 L.

191 3045 374 3145 Papirium
408 3045 617 3121 dictatorem
648 3045 758 3122 dixit:
794 3045 854 3122 cui
884 3072 999 3145 quum
1026 3048 1075 3122 ob
1100 3045 1175 3118 ani·

189 3189 294 3240 mum
311 3165 451 3266 egregie
467 3165 604 3240 viuum
621 3164 727 3266 legati
742 3164 870 3266 gratias
885 3188 1040 3265 agerent,
1068 3164 1175 3240 obsti·

192 3306 317 3360 natum
330 3285 506 3362 srlentium
516 3285 687 3376 obtinuit,
703 3312 744 3360 ac
756 3290 824 3361 fine
843 3285 1001 3386 responso
1018 3313 1058 3362 ac
1076 3312 1175 3360 men-

191 3405 288 3481 tione
305 3404 388 3480 faeti
401 3405 453 3480 sui
471 3408 603 3505 legatos
625 3405 770 3494 dimisit,
796 3429 837 3480 ut
853 3408 1045 3504 adpareret,
1072 3405 1175 3505 infig-

192 3551 273 3599 nem
291 3526 451 3600 dolorem
468 3525 605 3625 ingenti
625 3525 815 3624 comprimi
833 3525 964 3602 animo.
1013 3526 1175 3626 Papirius

190 3646 234 3719 C.
254 3644 408 3740 Junium
426 3646 632 3720 Bubulcum
655 3644 862 3746 magistrum
879 3645 1044 3746 equitum
1064 3645 1172 3720 dixit:

189 3785 296 3864 atque
328 3765 375 3854 ei,
414 3767 531 3865 legem
565 3764 736 3840 curiatam
774 3767 820 3840 de
851 3765 1003 3864 imperio
1035 3765 1173 3854 serenti,

190 3884 285 3960 triste
302 3911 409 3960 omen
425 3885 523 3960 diem
541 3883 686 3974 diffidit,
720 3887 825 3985 quod,
839 3883 971 3961 Faucia
990 3886 1089 3962 curia
1105 3885 1173 3961 fuit

192 4003 426 4104 principium,
453 4006 593 4079 duabus
610 4003 753 4104 infignis
772 4005 947 4095 cladibus,
978 4029 1097 4106 captae
1114 4033 1172 4082 ur·

191 4125 322 4216 bis‚·&
348 4124 532 4202 Caudinae
555 4123 669 4223 pacisr
697 4127 798 4222 quod
824 4145 978 4224 utroque
1002 4153 1096 4202 anno
1118 4153 1172 4204 ea·
