3067 5342
402 663 471 734 266
729 661 1042 736 T.L1t11

400 843 425 877 “
443 833 532 906 lum.
583 831 645 906 Est
657 831 805 906 coeleste
820 835 971 906 numen!
1001 857 1051 918 es,
1071 853 1199 928 magne
1212 829 1370 926 Jupiter!
1510 908 1511 911 ,

400 961 425 996 “
443 953 541 1024 baud
572 949 695 1024 frustra
726 973 760 1026 te
792 970 926 1048 patrem
960 953 1081 1024 Deum
1112 947 1373 1047 hominumque

401 1081 426 1114 “
444 1071 509 1144 hac
532 1067 611 1144 sede
636 1068 856 1145 sacravimus.
905 1068 1007 1170 Qrid
1027 1067 1173 1155 ceffatis,
1202 1067 1373 1168 Qrirites,

400 1200 426 1234 “
443 1187 588 1290 vosque,
612 1193 729 1264 Patres
745 1187 945 1287 conscripti,
968 1215 1063 1262 arma
1074 1213 1197 1284 capere
1211 1186 1291 1262 Diis
1305 1190 1373 1260 du·
1512 1246 1513 1279 ,

400 1321 426 1358 ‘⁸
442 1309 566 1385 cibus?
606 1308 663 1384 Sic
693 1309 810 1384 stratae
839 1309 996 1408 legiones
1024 1304 1238 1381 Latinorum
1266 1308 1373 1394 dabo,

401 1431 750 1529 “quemadmodum
797 1431 953 1528 legatum
996 1429 1174 1524 jacentem
1215 1427 1373 1500 videtis.”

401 1547 561 1624 Adsensu
603 1549 726 1648 populi
765 1569 911 1647 excepta
943 1573 1014 1622 vox
1048 1546 1200 1623 consulis
1237 1565 1373 1621 tantum

401 1667 532 1744 ardoris
548 1667 674 1744 animis
689 1669 786 1757 fecit,
808 1691 851 1744 ut
866 1672 997 1768 legatos
1019 1666 1276 1767 proficiscentes
1291 1691 1374 1740 cura

402 1787 668 1888 magistratuum
684 1789 810 1888 magis,
834 1789 898 1886 qui
911 1790 1006 1885 jussu
1023 1785 1176 1863 consulis
1192 1783 1374 1883 proseque-

402 1911 543 1996 bantur,
570 1933 678 2006 quam
689 1910 749 2005 jus
765 1907 941 2008 gentium,
966 1911 1012 1983 ab
1028 1907 1079 1981 ira
1100 1906 1297 2004 inpetuque
1312 1908 1374 1980 bo-

403 2027 544 2102 minum
577 2049 717 2128 tegeret.
780 2026 960 2102 Consensit
991 2032 1026 2100 a
1056 2024 1192 2100 senatus
1221 2027 1372 2100 bellum:

404 2146 644 2246 consulesque,
663 2150 805 2222 duobus
821 2146 956 2245 scriptis
972 2145 1185 2221 exercitibus
1201 2171 1263 2242 per
1279 2147 1374 2220 Mar-

404 2267 456 2342 sos
469 2266 703 2367 Pelignosque
717 2265 876 2366 professi,
907 2265 1073 2363 adjuneto
1090 2264 1304 2339 Samnitium
1316 2290 1374 2339 ex·

404 2384 529 2474 erem,
570 2387 617 2460 ad
644 2389 819 2484 Capuam,
860 2411 935 2483 quo
960 2386 1036 2481 jam
1068 2384 1191 2460 Latini
1221 2384 1374 2484 sociique

405 2526 651 2594 convenerant,
692 2506 800 2582 castra
823 2508 954 2594 locant,
1002 2505 1059 2580 lbi
1082 2505 1120 2579 in
1148 2503 1269 2602 quiete
1291 2505 1375 2577 utri-

406 2650 478 2725 que
497 2623 630 2700 consuli
648 2627 771 2700 eadem
786 2625 917 2700 dicitur
939 2624 1010 2700 visa
1029 2624 1159 2724 species
1177 2623 1245 2699 viri
1270 2626 1376 2721 mnjo·

406 2744 465 2832 ris,
493 2770 601 2843 quam
633 2770 695 2845 pro
724 2747 882 2819 humano
910 2744 1048 2833 habitu,
1087 2742 1377 2845 augustiorisque,

405 2863 575 2940 dicentis:
609 2877 633 2910 “
655 2869 713 2938 Ex
735 2890 808 2940 una
834 2863 909 2939 acie
931 2865 1190 2964 imperatorem,
1214 2867 1378 2938 exaltem

407 2996 432 3028 “
451 2984 645 3060 exercitum
670 2983 749 3059 Diis
766 2984 930 3060 manibus
942 2985 1118 3084 matrique
1130 2989 1260 3060 Terrae
1273 2987 1377 3060 debe·

408 3117 433 3150 “
452 3104 498 3180 ri:
532 3103 645 3179 utrius
670 3105 843 3180 exercitus
875 3103 1065 3202 imperator
1093 3104 1249 3206 legiones
1272 3104 1377 3179 hosti·

408 3235 433 3270 “
450 3251 528 3314 um,
558 3222 731 3323 superque
760 3223 875 3300 casse
909 3227 1111 3314 devovisset,
1155 3226 1229 3320 ejus
1255 3222 1376 3323 populi

409 3355 433 3389 ‘⁶
452 3341 626 3443 partisque
641 3341 823 3418 victoriam
849 3343 957 3419 sore.''
1005 3347 1087 3420 Hos
1103 3344 1168 3420 ubi
1190 3347 1378 3419 nocturnos

408 3462 500 3538 visus
527 3463 617 3538 inter
636 3461 669 3538 se
684 3464 841 3540 consules
858 3467 1103 3553 contulerunt3
1135 3464 1269 3564 placuit
1286 3490 1379 3539 aver·

407 3583 606 3657 runcandae
630 3584 750 3658 Delnn
778 3583 846 3658 irae
867 3583 1028 3660 victimas
1054 3583 1171 3660 caedi:
1204 3586 1306 3659 fimul
1326 3605 1378 3672 ut,

408 3705 431 3777 fi
448 3701 537 3777 extis
557 3703 693 3789 eadem,
721 3728 812 3801 quae
833 3702 955 3778 somno
976 3704 1047 3778 visa
1062 3703 1211 3792 fuerant,
1240 3725 1380 3802 porten-

407 3825 586 3910 derentur,
616 3824 779 3897 alteruter
802 3822 987 3898 consulum
1012 3823 1081 3898 sata
1096 3825 1254 3922 inpleret.
1305 3823 1382 3900 Ubi

408 3941 565 4041 responsa
580 3939 780 4039 aruspicum
796 3942 1043 4040 insidentijam
1057 3945 1178 4021 animo
1189 3944 1314 4019 tacitae
1331 3972 1381 4019 re·

408 4061 534 4162 ligioni
563 4082 824 4160 congruerunt,
860 4085 952 4153 tum,
979 4063 1147 4141 adhibitis
1172 4065 1296 4165 legatis
1323 4065 1381 4141 ui·
