3067 5342
397 695 463 765 182
741 685 1056 760 T.Lrv11

394 857 475 942 lata,
525 853 750 954 consertaque
783 855 916 932 fabellis
952 855 1170 955 potissimum
1205 845 1367 924 Atellanis

395 971 486 1047 sunt.
535 976 649 1074 Qod
673 1001 786 1074 genus
812 979 980 1050 ludorum
1006 977 1051 1049 ab
1068 969 1172 1048 Oscis
1189 985 1367 1064 acceptum

394 1093 509 1168 tenuit
531 1095 714 1190 juventus,
744 1123 810 1171 nec
836 1100 881 1171 ab
902 1092 1130 1170 histrionibus
1150 1085 1264 1188 pollui
1286 1085 1377 1183 paffa'

395 1211 456 1286 est.
483 1215 539 1287 Eo
556 1214 757 1290 institutum
774 1237 905 1302 manet,
924 1236 967 1288 ut
982 1217 1114 1288 astores
1132 1209 1369 1314 Atellanarum

396 1358 462 1406 nec
481 1333 576 1407 tribu
597 1358 817 1423 moveantur,
846 1332 1082 1431 &stipendia,
1114 1352 1299 1428 tamquam
1315 1349 1368 1397 ex·

395 1473 509 1550 perres
530 1453 610 1528 artis
633 1455 800 1542 ludicrae,
831 1451 971 1528 faciant.
1021 1453 1116 1525 Inter
1132 1449 1282 1524 aliamm
1301 1469 1369 1542 pat·

395 1599 439 1646 va
454 1572 629 1672 principia
644 1599 774 1661 rerum,
799 1574 965 1647 ludorum
981 1595 1127 1670 quoque
1144 1567 1262 1668 prima
1277 1563 1370 1660 origo

362 1723 367 1732 ’
396 1695 560 1789 ponenda
572 1693 644 1766 visa
657 1693 722 1767 est:
740 1713 782 1767 ut
794 1693 985 1790 adpareret,
1000 1717 1108 1789 quam
1123 1693 1171 1768 ab
1182 1687 1264 1762 sano
1274 1681 1369 1758 initio

395 1837 448 1886 res
462 1813 499 1886 in
513 1815 603 1886 hanc
613 1812 675 1886 vix
692 1810 869 1911 opulentis
882 1810 998 1910 regnis
1011 1808 1235 1886 tolerabilem
1251 1800 1370 1878 insani·

395 1959 454 2007 am
467 1931 614 2007 venerit.

444 2055 509 2130 111.
540 2057 620 2127 Nec
634 2073 752 2126 tamen
765 2054 934 2126 ludorum
948 2049 1103 2150 primurn
1118 2047 1282 2134 initium,
1299 2067 1371 2143 pro

396 2171 561 2248 curandis
587 2171 819 2270 religionibus
844 2173 982 2258 datum,
1012 2191 1074 2244 aut
1098 2167 1274 2269 religione
1304 2159 1371 2236 ani·

396 2317 487 2378 mos,
516 2310 579 2363 aut
604 2316 749 2387 corpora
775 2288 906 2363 morbis
931 2289 1068 2364 levavit.
1123 2287 1230 2390 Qsin
1257 2282 1369 2367 etiam,

398 2433 514 2506 quum
537 2408 676 2482 medios
693 2408 782 2483 sorte
800 2411 903 2484 ludos
919 2408 1032 2484 circus
1049 2408 1177 2484 Tiberi
1196 2397 1368 2504 superfuso

398 2527 567 2628 inrigatus
579 2528 778 2626 inpedisset,
797 2529 836 2603 id
851 2556 946 2617 vero,
964 2531 1062 2604 velut
1076 2528 1281 2624 aversrsjam
1296 2517 1369 2597 Diis

395 2647 751 2747 adspernantibusque
762 2648 962 2747 placamina
975 2648 1056 2736 irae,
1070 2669 1239 2722 terrorem
1253 2645 1369 2742 ingen·

396 2789 469 2842 tem
501 2767 597 2842 fecit.
656 2771 793 2867 ltaque,
827 2771 895 2843 Cn.
929 2769 1109 2857 Genucio,
1143 2771 1193 2842 L.
1219 2758 1370 2840 Aemilio

396 2887 623 2962 Mamercino
637 2886 833 2962 secundum
846 2887 1060 2977 consulibus,
1087 2914 1208 2987 quum
1221 2881 1369 2987 piaculo

396 3033 477 3082 rum
503 3007 615 3105 magis
649 3007 859 3107 conquisitio
891 3006 1039 3097 animos,
1090 3033 1202 3105 quam
1235 3021 1370 3100 corpora

398 3127 528 3215 morbi,
553 3129 755 3215 adficerent,
780 3127 967 3226 repetitum
985 3155 1030 3203 ex
1045 3126 1224 3202 seniorum
1242 3145 1368 3200 memo·

395 3245 446 3321 ria
471 3246 614 3335 dicitur,
642 3247 873 3352 pestilentiam
900 3249 1083 3347 quondam
1107 3249 1208 3321 clavo
1232 3250 1276 3321 ab
1297 3239 1367 3315 dic·

398 3385 508 3439 tatore
549 3367 623 3439 fixo
664 3365 829 3441 sedatam.
898 3369 950 3441 Ea
993 3365 1162 3466 religione
1198 3362 1370 3440 adductus

397 3482 533 3557 senatus
575 3483 782 3560 diclatorem
826 3485 915 3560 clavi
965 3487 1100 3584 figendi
1145 3488 1261 3561 caussa
1298 3474 1366 3554 dici

391 3605 498 3702 jussit.
548 3603 677 3678 Dictus
705 3606 751 3678 L.
770 3605 930 3679 Manlius
959 3604 1181 3705 Imperiosus,
1210 3609 1256 3680 L.
1271 3599 1369 3677 Pina·

340 3815 344 3826 Ι
395 3723 490 3798 rium
507 3722 711 3823 magistrum
728 3725 893 3824 equiturn
909 3725 1012 3800 dixit.
1062 3729 1143 3802 Lex
1159 3726 1296 3801 vetusta
1309 3715 1367 3802 est,

389 3844 517 3945 priscis
542 3843 650 3918 literis
682 3843 867 3944 verbisque
894 3843 1032 3946 scripta,
1058 3868 1112 3934 ut,
1145 3846 1209 3944 qui
1239 3857 1369 3945 praetor

394 3964 572 4064 maximus
589 3969 640 4053 srt,
655 3965 780 4040 Idibus
793 3967 1056 4063 Septembribus
1073 3969 1214 4042 clavum
1231 3977 1366 4066 pangat·

399 4083 490 4162 Fixa
504 4083 574 4159 fuit
589 4087 716 4162 dextro
728 4085 826 4164 lateri
839 4085 935 4162 aedis
952 4085 1052 4184 Jovis
1067 4086 1193 4185 optimi
1211 4075 1365 4168 maximi,
