3067 5342
488 756 525 828 L
550 765 614 828 r'u
644 779 716 828 an
768 755 835 829 IX.
1089 779 1166 854 359

185 922 278 995 dunt
307 919 435 1020 pariter
460 924 647 999 resistentes
675 922 853 1023 fusosque,
885 921 1034 998 inermes
1056 945 1163 1022 atque

185 1061 347 1130 armatos,
372 1040 498 1130 servos,
527 1044 667 1131 liberos,
689 1046 851 1142 puberes,
878 1042 1079 1140 inpuberes,
1097 1046 1162 1117 ho-

184 1159 311 1250 mines,
331 1162 575 1261 jumentaque.
624 1167 706 1237 Nec
719 1164 834 1236 ullum
848 1160 1066 1258 superfuisset
1087 1162 1161 1236 ani·-

185 1283 270 1368 mal‚
304 1280 342 1354 ni
359 1281 518 1357 consules
535 1281 691 1380 receptui
717 1285 855 1382 signum
876 1280 1062 1370 dedissent,
1090 1280 1161 1356 avi-

184 1398 319 1498 dosque
332 1399 450 1475 caedis
463 1399 627 1476 militese
646 1401 762 1476 castris
779 1400 933 1475 hostium
956 1400 1107 1498 imperio
1122 1427 1162 1476 ac

185 1517 294 1594 minis
307 1509 526 1618 expulissent.
575 1523 700 1618 ltaque
716 1523 814 1618 apud
828 1519 979 1595 infensos
993 1524 1040 1596 ob
1058 1520 1162 1594 inter-

184 1640 350 1737 pellatam
367 1639 597 1716 dulcedinem
621 1641 690 1714 irae
707 1640 892 1715 confestim
908 1639 1019 1714 oratio
1043 1639 1164 1715 habita

183 1759 247 1848 est,
273 1780 315 1834 ut
330 1761 516 1834 doceretur
533 1759 647 1848 miles,
671 1771 697 1804 “
714 1761 863 1834 minime
880 1759 1050 1858 cuiquam
1068 1759 1161 1834 mili-

185 1889 212 1924 “
229 1901 307 1953 tum
323 1878 481 1954 consules
506 1879 591 1953 odio
616 1878 655 1952 in
679 1879 793 1953 hostes
816 1881 953 1967 cessisse,
976 1903 1038 1954 aur
1054 1883 1162 1955 celsu-

185 2008 212 2042 “
230 2023 306 2072 ros:
355 1997 445 2096 quin
478 2000 601 2086 duces,
634 2001 721 2073 ficut
757 1999 854 2087 belli,
887 1999 936 2073 ita
961 1999 1162 2074 insatiabilis

184 2127 210 2162 “
228 2117 404 2218 supplicii,
429 2117 566 2193 futuros
588 2107 701 2206 luisse,
736 2118 773 2192 ni
795 2117 967 2217 respectus
997 2117 1162 2216 equitum

185 2247 212 2282 “
229 2236 488 2325 sexcentonrm,
519 2236 584 2335 qui
601 2235 774 2312 Luceriae
791 2239 925 2312 obfides
948 2256 1161 2326 tenerentur,

185 2356 458 2454 “praepedisset
479 2355 635 2430 animos=
666 2383 711 2431 ne
738 2354 915 2454 desperata
930 2357 1034 2431 venia
1049 2357 1163 2431 hostes

187 2485 213 2520 “
231 2502 354 2552 caecos
368 2475 406 2550 in
417 2475 589 2574 supplicia
605 2501 729 2549 eorum
742 2462 872 2574 ageret,
896 2479 1039 2573 perdere
1052 2476 1162 2573 prius,

186 2605 211 2638 “
230 2620 339 2693 quam
362 2594 487 2694 perire,
521 2597 714 2692 optantes.''
761 2597 926 2668 Laudare
956 2623 996 2668 ea
1020 2593 1163 2682 milites,

185 2713 375 2812 laetatique
401 2713 544 2789 obviam
571 2715 663 2788 itum
680 2713 749 2788 irae
774 2713 854 2788 suae
881 2716 959 2800 esse,
989 2738 1030 2787 ac
1049 2711 1162 2800 fateri,

185 2832 320 2907 omnia
335 2832 502 2931 patienda
533 2834 666 2931 potius,
701 2860 810 2933 quam
839 2835 1043 2934 proderetur
1063 2830 1163 2905 'salus

186 2974 238 3028 tot
253 2951 457 3052 principum
474 2955 659 3028 Romanae
669 2953 879 3049 juventutis.

235 3075 319 3148 XV.
359 3071 510 3146 Dimissa
544 3071 731 3161 concione,
774 3071 957 3150 confilium
984 3071 1162 3160 habitum,

185 3190 396 3268 omnibusne
413 3190 525 3289 copiis
541 3191 732 3266 Luceriam
751 3214 960 3289 premerent,
988 3219 1032 3266 an
1055 3195 1163 3266 altero

184 3311 342 3386 exercitu
370 3312 407 3385 δι’
427 3312 521 3384 duce
538 3308 652 3407 Apuli
675 3309 780 3396 circa,
811 3335 896 3408 gens
913 3311 1043 3385 dubiae
1059 3312 1105 3384 ad
1122 3308 1162 3383 id

185 3429 388 3518 voluntatis,
430 3449 655 3504 tentarentur.
721 3429 897 3504 Publilius
935 3429 1070 3518 consul,
1115 3431 1163 3502 ad

184 3550 436 3650 peragrandam
462 3546 639 3646 protenus
656 3545 840 3645 Apuliam,
865 3547 1002 3645 aliquot
1018 3549 1164 3647 expedi-

189 3671 285 3744 tione
301 3695 375 3744 una
389 3669 540 3766 populos
559 3686 622 3740 aut
637 3665 673 3741 vi
686 3665 838 3765 subegit,
871 3688 932 3741 aut
948 3666 1163 3741 conditioni·

186 3791 253 3866 bus
275 3789 315 3865 in
330 3772 531 3863 societatem
546 3783 692 3883 accepit.
741 3783 884 3883 Papirio
904 3809 1063 3883 quoque,
1097 3783 1162 3883 qui

184 3909 335 3986 obsessor
350 3904 525 3983 Luceriae
547 3903 725 3993 restiterat,
759 3903 858 3978 brevi
883 3907 929 3978 ad
946 3903 1042 4003 spem
1057 3929 1162 3978 even-

185 4051 243 4104 tus
254 4024 443 4127 respondit.
465 4027 575 4112 Nam,
592 4022 718 4097 insessis
728 4022 896 4098 omnibus
904 4021 984 4112 viis,
1000 4051 1063 4124 per
1075 4050 1162 4124 quas

186 4167 406 4225 commeatus
427 4169 473 4221 ex
494 4142 638 4220 Samnio
654 4141 951 4234 subvehebantur,
981 4144 1075 4221 same
1098 4147 1162 4220 do-
