3067 5342
500 686 847 767 LrennVI.
1101 714 1166 787 149

180 873 206 907 “
227 858 299 939 tius
321 860 471 941 diclator
492 865 627 965 oppida
647 890 778 940 novem
802 864 975 963 caperet.”
1025 864 1095 941 Dic
1111 862 1163 938 vi-

178 989 323 1073 cefimo,
347 1011 456 1085 quam
484 1009 619 1061 creatus
646 1008 732 1074 erat,
763 981 939 1061 dictatura
964 984 996 1059 se
1021 985 1163 1061 abdica·
1263 1014 1266 1021 ’

176 1102 242 1178 vit.

230 1226 354 1299 XXX.
388 1225 547 1300 Comitia
572 1225 655 1300 inde
682 1222 804 1301 habita
826 1224 1052 1300 tribunorum
1068 1224 1162 1298 mili·

180 1365 259 1417 tum
277 1342 448 1419 consulari
462 1346 649 1445 potestate,
685 1346 820 1445 quibus
836 1366 1005 1444 aequatus
1022 1343 1163 1443 parrici-

180 1489 282 1539 orum
325 1465 615 1565 plebejorumque
655 1493 837 1541 numerus.
905 1468 962 1538 Ex
1000 1464 1163 1538 Patribus

179 1584 285 1661 creati
303 1587 343 1659 P.
368 1590 403 1659 bt
420 1588 464 1660 C.
483 1586 629 1675 Manlii,
663 1612 748 1661 curn
765 1591 812 1661 L.
833 1584 949 1682 Julio:
981 1586 1100 1683 plebes
1117 1587 1161 1659 C.

179 1704 381 1793 Sextilium,
416 1706 475 1779 M.
506 1706 711 1796 Albinium,
741 1711 788 1781 L.
819 1704 1016 1780 Antistium
1050 1705 1162 1779 dedit.

176 1825 342 1911 Manliis,
389 1827 491 1922 quod
524 1852 651 1925 genere
681 1828 850 1925 plebejos,
879 1825 991 1926 gratia
1017 1824 1159 1922 Julium

173 1944 374 2033 anteibant,
408 1944 528 2019 Volsci
543 1946 738 2044 provincia,
764 1951 833 2021 srne
850 1947 952 2036 sorte,
975 1950 1044 2020 fine
1061 1972 1159 2019 com-

173 2064 371 2164 paratione,
406 2087 504 2139 extra
533 2064 696 2157 ordinem
726 2068 829 2140 data:
874 2068 975 2164 cujus
1005 2062 1159 2164 &ipsos

172 2184 367 2282 postmodo
394 2187 428 2257 ὅτ
459 2188 589 2273 Patres,
640 2186 704 2283 qui
734 2188 918 2276 dederant,
968 2186 1157 2285 poenituit.

173 2306 403 2401 Inexplorato
424 2308 634 2401 pabulatum
652 2308 813 2381 cohortes
831 2306 963 2383 misere.
1013 2288 1158 2407 Qiibus

172 2424 276 2497 velut
298 2423 564 2513 circumventis,
595 2451 711 2523 quum
728 2426 768 2500 id
785 2422 1093 2503 salso'nunciatum
1108 2426 1157 2501 es-

170 2542 237 2631 set,
278 2545 384 2631 dum,
430 2544 599 2640 praesidio
627 2566 670 2617 ut
701 2549 822 2635 essent,
855 2546 952 2621 citari
983 2547 1156 2634 seruntur,

172 2690 220 2737 ne
255 2666 398 2737 auclore
430 2662 580 2761 quidem
613 2663 805 2753 adservato,
840 2666 904 2764 qui
939 2693 1010 2755 eos,
1048 2668 1156 2741 hostis

172 2783 330 2857 Latinus
355 2809 419 2882 pro
439 2782 552 2857 milite
578 2787 760 2873 Romano,
786 2785 965 2859 frustratus
988 2808 1072 2873 erat,
1097 2786 1158 2883 ipsr

171 2902 214 2977 in
239 2902 378 2976 infidias
403 2902 684 3001 praecipitavere.
734 2906 790 2980 lbi
814 2906 903 2979 dum
930 2905 1056 3004 iniquo
1079 2907 1159 2979 loco

172 3024 247 3099 sola
255 3022 386 3096 virtute
404 3022 560 3096 militum
577 3022 740 3098 restantes
756 3026 966 3114 caeduntur,
990 3027 1158 3100 caedunt-

173 3171 262 3242 que,
287 3143 396 3217 casba
420 3142 563 3217 interim
586 3147 765 3231 Romana,
785 3144 939 3240 jacentia
961 3144 998 3219 in
1015 3171 1157 3243 camp0,

171 3268 220 3339 ab
237 3266 344 3337 altera
353 3284 449 3361 parte
467 3262 581 3336 hostes
598 3260 762 3337 invasere.
814 3267 876 3339 Ab
893 3265 1048 3341 ducibus
1061 3288 1156 3340 utro-

172 3384 289 3481 bique
301 3381 461 3481 proditae
474 3381 667 3456 temeritate
681 3404 789 3481 atque
800 3382 937 3458 inscitia
950 3412 1013 3461 res.
1039 3387 1158 3487 Qrid-

172 3502 268 3602 quid
290 3500 462 3601 superfuit
477 3501 639 3577 fortunae
662 3502 787 3601 populi
807 3506 977 3594 Romani,
1008 3506 1047 3580 id
1065 3506 1158 3580 mili·

172 3646 254 3697 tum
283 3622 391 3697 etiam
409 3626 478 3696 fine
505 3625 636 3696 reclore
663 3622 796 3697 stabilis
823 3624 934 3699 virtus
962 3647 1073 3700 tutata
1096 3627 1156 3701 est.

172 3748 278 3843 Qrae
299 3740 366 3817 ubi
395 3744 553 3816 Romam
578 3740 659 3816 sunt
684 3745 801 3832 relata,
834 3744 991 3842 primum
1009 3744 1156 3819 dictato-

172 3888 249 3937 rem
267 3860 341 3937 dici
357 3864 533 3961 placebat:
568 3863 713 3949 deinde,
746 3864 934 3961 postquam
949 3864 1087 3963 quietae
1105 3892 1157 3940 res

172 4009 221 4056 ex
238 3981 373 4057 Volscis
395 3982 656 4069 adferebantur,
687 3986 722 4055 δι
743 3982 918 4079 adparuit,
949 3983 1081 4060 nescire
1097 4012 1156 4060 eos

173 4101 369 4177 victoria&
384 4123 540 4201 tempore
563 4100 631 4188 uti,
665 4102 819 4175 revocati
836 4102 940 4177 etiam
961 4104 1044 4177 inde
1058 4130 1155 4179 exer-
