3067 5342
414 770 483 837 114
725 744 1038 821 T.Lrv11

411 944 520 1017 quam
553 916 668 993 hostes
699 920 879 1007 tenebant,
928 916 1070 993 moenia
1096 913 1243 1015 adgredi
1268 916 1374 1013 jubet,

411 1063 483 1112 non
508 1058 604 1111 tanta
620 1035 678 1135 spe
694 1036 791 1111 scalis
822 1035 900 1137 capi
925 1042 1052 1112 urbem
1068 1039 1177 1135 posse,
1208 1060 1313 1133 quam
1328 1056 1376 1119 ut,

411 1160 532 1231 aversis
557 1182 600 1231 eo
629 1156 801 1246 hostibus,
832 1162 866 1231 δι
890 1157 1075 1256 oppidanis
1094 1158 1170 1254 jam
1198 1154 1379 1255 pugnando

413 1274 502 1350 seffis
516 1278 688 1353 laxaretur
702 1278 815 1364 labor,
848 1282 883 1351 δι
900 1274 971 1375 ipse
985 1274 1136 1375 spatium
1153 1272 1305 1349 intrandi
1319 1276 1380 1345 fine

412 1396 600 1470 certamine
631 1396 773 1470 moenia
796 1399 948 1471 haberet.
1015 1396 1127 1496 Qrod
1152 1420 1266 1493 quum
1291 1392 1382 1465 fimul

412 1516 595 1614 utrimque
618 1515 752 1589 sactum
780 1518 874 1603 esset,
906 1511 1103 1611 ancepsque
1137 1534 1245 1587 terror
1274 1507 1382 1585 Etrus-

414 1661 475 1708 cos
488 1634 738 1721 circumstaret,
768 1638 803 1707 dc
820 1632 961 1708 moenia
975 1631 1113 1707 summa
1127 1630 1164 1707 vi
1184 1626 1383 1731 obpugnari,

414 1751 560 1828 &intra
585 1752 728 1827 moenia
756 1754 823 1826 esse
847 1752 983 1827 hostem
1008 1750 1190 1838 viderent3
1224 1770 1320 1851 porta
1342 1746 1384 1835 se,

415 1898 506 1969 quae
533 1898 606 1947 una
622 1870 711 1947 sorte
732 1898 807 1946 non
827 1872 1061 1958 obsidebatur,
1096 1869 1230 1969 trepidi
1246 1895 1317 1945 uno
1332 1892 1385 1966 ag·

415 1991 512 2067 mine
539 1992 679 2087 ejecere.
729 1993 867 2088 Magna
895 1991 1017 2063 caedes
1044 1988 1263 2089 fugientium
1292 1993 1324 2063 &
1352 1986 1385 2059 in

415 2113 504 2187 urbe
521 2114 556 2183 δι
572 2136 634 2207 pet·
649 2134 749 2207 agros
766 2109 815 2183 est
832 2106 931 2187 faeta
981 2110 1102 2183 Plures
1119 2136 1140 2183 a
1167 2106 1323 2184 Furianis
1338 2105 1387 2179 in·

417 2252 468 2303 tra
484 2227 627 2303 moenia
643 2230 745 2301 caesrr
780 2226 955 2303 Valeriani
972 2226 1210 2326 expeditiores
1225 2228 1270 2302 ad
1287 2223 1387 2326 perse·

419 2348 580 2447 quendos
597 2346 712 2433 fuere,
746 2373 812 2421 nec
832 2368 911 2421 ante
938 2348 1093 2435 noctem,
1121 2374 1213 2447 quae
1236 2344 1388 2443 conspec-

419 2488 498 2541 tum
523 2464 670 2553 ademit,
702 2466 812 2539 finem
838 2466 1009 2540 caedendi
1036 2466 1161 2541 secere.
1211 2466 1324 2541 Sutrio
1342 2488 1387 2537 re·

420 2606 524 2685 cepto
548 2584 779 2683 restitutoque
796 2583 911 2673 sociis,
946 2589 1084 2685 Nepete
1111 2584 1284 2683 exercitus
1309 2584 1389 2656 duc·

420 2729 489 2794 tus,
524 2706 624 2805 quod
649 2730 712 2804 per
736 2702 957 2779 deditionem
982 2725 1170 2806 acceptum
1190 2707 1265 2803 jam
1284 2722 1390 2778 totum

425 2823 563 2903 Etrusci
581 2826 768 2900 habebant.

474 2948 521 3020 X.
546 2943 743 3019 Videbatur
759 2945 838 3043 plus
861 2944 900 3019 in
922 2970 963 3019 ea
976 2948 1064 3025 urbe
1087 2944 1290 3045 recipienda
1304 2945 1390 3017 labo·

425 3064 470 3139 ris
499 3063 592 3150 fore;
627 3090 701 3139 non
728 3061 767 3136 in
794 3089 836 3138 eo
862 3064 989 3152 solum,
1017 3065 1118 3163 quod
1144 3084 1221 3141 tota
1248 3062 1391 3139 hostium

425 3206 509 3271 erat,
543 3182 739 3258 sedetiam
771 3185 885 3281 quod,
912 3205 1007 3282 parte
1038 3186 1297 3282 Nepesinorum
1321 3206 1392 3281 pro-

425 3307 530 3377 dente
547 3301 739 3388 civitatem,
773 3300 862 3377 faeta
877 3324 950 3377 erat
966 3302 1114 3377 deditio.
1165 3304 1271 3381 Mitti
1287 3324 1392 3378 tamen

424 3425 472 3496 ad
493 3419 670 3519 principes
692 3446 815 3493 eontm
835 3420 982 3519 placuit,
1015 3442 1057 3495 ut
1075 3420 1291 3499 secernerent
1309 3420 1339 3495 se
1354 3422 1393 3493 ab

428 3538 595 3628 Etruscis,
625 3541 820 3638 fidemque,
851 3566 959 3637 quam
976 3539 1201 3639 inplorassent
1211 3548 1256 3620 ab
1272 3544 1394 3615 Roma·
1511 3602 1512 3633 ,

428 3661 496 3749 nis,
537 3659 599 3760 ipsr
628 3658 848 3757 praestarent.
914 3662 1025 3735 Unde
1057 3688 1172 3761 quum
1206 3656 1395 3761 responsum

429 3784 587 3857 adlatum
610 3780 705 3866 esset,
734 3788 759 3821 “
774 3777 864 3852 nihil
881 3778 960 3854 suae
985 3780 1162 3880 potestatis
1179 3784 1260 3870 effe,
1287 3772 1395 3853 Etrus·
1511 3808 1512 3873 3

430 3911 455 3945 “
474 3926 535 3975 cos
560 3898 702 3973 moenia
739 3897 981 3998 custodiasque
1025 3922 1205 3998 portarum
1243 3922 1353 3974 tenere
1365 3894 1419 3980 ;'''
1511 3920 1512 3997 ζ

431 4019 546 4117 primo
578 4016 867 4118 populationibus
898 4017 972 4117 agri
1005 4040 1113 4093 terror
1144 4020 1193 4095 est
1223 4012 1397 4117 oppidanis

432 4140 618 4215 admotus:
660 4136 805 4227 deinde,
838 4137 1024 4237 postquam
1063 4138 1267 4229 deditionis,
1299 4156 1397 4235 quam
