3067 5342
464 644 813 774 braarVJ.
1089 728 1154 801 109

179 886 204 918 “
222 900 297 948 rem
322 876 400 947 effe.
451 874 709 949 Circumsederi
731 878 859 950 urbem
882 876 1085 951 Romanam
1113 880 1158 950 ab

180 1006 204 1038 “
223 992 407 1068 invidia&
425 994 510 1068 odio
531 994 784 1069 finitimorum:
817 995 937 1093 itaque
956 995 1160 1071 &ducibus

180 1114 384 1213 “pluribus
413 1119 446 1188 δι
481 1114 695 1190 exercitibus
719 1115 1042 1190 'administrandam
1069 1142 1160 1190 rem-

179 1235 405 1333 “publicam
432 1238 509 1308 effe.
560 1238 653 1322 Te,’'
679 1235 863 1333 inquit,“
883 1240 923 1310 P.
952 1234 1082 1323 Valeri,
1109 1234 1160 1310 so-

180 1366 204 1399 “
224 1355 324 1429 cium
342 1354 481 1454 imperii
505 1355 725 1453 confiliique,
759 1354 917 1454 legiones
940 1382 1081 1430 mecum
1100 1358 1161 1430 ad-

179 1474 340 1549 “versus
364 1476 549 1573 Antiatem
569 1475 705 1549 hostem
726 1476 856 1549 ducere
874 1477 1005 1572 placet:
1039 1497 1086 1563 te,
1113 1482 1171 1579 Q

179 1606 204 1639 “
223 1594 361 1683 Servili,
392 1597 500 1670 altero
523 1595 680 1670 exercitu
703 1596 873 1669 instrumo
896 1618 1099 1693 paratoque,
1124 1595 1162 1669 in

179 1719 312 1791 “urbe
336 1716 444 1790 castra
471 1718 619 1803 habere3
656 1716 847 1805 intentum,
875 1721 941 1792 srve
970 1716 1112 1790 Etruria
1130 1716 1164 1791 se

179 1848 205 1879 “
225 1836 382 1925 interim,
414 1859 456 1911 ut
478 1863 616 1935 nuper,
630 1840 696 1911 five
714 1864 806 1911 nova
824 1840 909 1912 haec
931 1832 1028 1924 cura,
1063 1836 1164 1910 Lati-

180 1969 206 2001 “
226 1958 263 2031 ni
278 1981 385 2056 atque
400 1956 568 2045 Hernici,
603 1957 788 2032 moverint.
839 1961 908 2031 Pro
923 1978 1018 2031 certo
1035 1960 1163 2046 habeo,
1261 2042 1264 2049 Ι

181 2090 206 2121 “
226 2078 276 2152 ita
301 2104 376 2152 rem
405 2076 601 2177 gesturum,
634 2099 676 2151 ut
703 2098 812 2175 patre,
846 2103 925 2164 avo,
960 2098 1066 2176 teque
1091 2076 1165 2177 ipso

181 2211 207 2243 “
225 2226 267 2273 ac
287 2198 347 2272 sex
368 2197 607 2272 tribunatibus
624 2197 777 2297 dignum
795 2197 855 2271 est.
906 2197 1049 2271 Tertius
1066 2224 1164 2271 exer-

181 2330 207 2361 “
226 2318 320 2391 citus
342 2344 387 2391 ex
405 2317 580 2392 cauffariis
606 2316 871 2416 senioribusque
891 2320 973 2392 aL.
991 2317 1166 2419 Qrinstio

182 2448 207 2481 “
227 2436 408 2525 scribatur,
449 2437 618 2535 qui-urbi
641 2434 899 2537 moenibusque
922 2438 1089 2537 praefidio
1116 2443 1165 2513 stt.

114 2609 119 2615 ·
182 2567 208 2601 “
227 2561 275 2632 L.
293 2556 468 2632 Horatius
484 2584 592 2646 arma,
627 2561 707 2647 tela,
734 2558 969 2647 frumentum,
1001 2586 1165 2658 quaeque

183 2678 312 2757 “belli
342 2678 410 2752 alia
442 2699 601 2776 tempora
633 2677 791 2777 poscent,
839 2677 1033 2777 provideat.
1096 2682 1166 2767 Te,

182 2810 208 2843 “
227 2803 298 2873 Ser.
321 2801 478 2888 Corneli,
511 2800 710 2897 praefidem
725 2800 829 2895 hujus
852 2798 990 2897 publici
1019 2799 1166 2888 confilii,

183 2920 413 2995 “custodem
452 2920 681 3020 religionum,
732 2918 975 3007 comitiorum,
1030 2922 1166 3018 legum,

184 3054 210 3088 “
229 3068 347 3116 rerum
372 3041 538 3117 omnium
553 3045 783 3127 urbanarum,
811 3043 964 3139 collegae
983 3030 1168 3115 facimus.''

183 3164 333 3239 cantus
350 3162 388 3237 in
411 3182 524 3261 partes
551 3160 708 3236 muneris
725 3159 778 3234 sui
796 3160 951 3259 benigue
969 3162 1167 3259 pollicenti-

183 3286 252 3359 bus
272 3310 430 3382 operam,
457 3281 632 3369 Valerius,
659 3280 772 3355 socius
798 3280 936 3379 imperii
954 3284 1079 3370 lesbus,
1106 3284 1166 3357 ad-

177 3402 266 3500 jecit
275 3436 287 3490 3
314 3414 339 3446 “
359 3406 417 3477 M.
445 3402 598 3477 Furium
625 3400 686 3475 srbi
710 3428 775 3499 pro
801 3401 985 3490 distatore,
1013 3401 1117 3501 seque
1136 3402 1169 3476 ei
1193 3443 1196 3454 ·

184 3535 209 3567 “
228 3549 293 3622 pro
307 3523 473 3621 magistro
483 3523 648 3621 equitum
662 3522 836 3597 futurum.
875 3522 1044 3611 Proinde,
1061 3550 1170 3622 quam

186 3655 211 3689 “
229 3644 439 3744 opinionem
455 3645 501 3717 de
517 3643 626 3718 unico
651 3643 871 3741 imperatore,
903 3672 981 3719 eam
1005 3643 1101 3742 spem
1124 3646 1169 3717 de

186 3778 211 3810 “
230 3768 326 3841 bello
342 3767 520 3839 haberent.
570 3766 613 3837 Se
630 3789 713 3837 vero
730 3766 820 3837 bene
837 3762 1003 3861 sperare,'’
1036 3767 1167 3851 PatreS,

187 3898 212 3931 “
231 3892 265 3961 δι
284 3888 330 3961 de
350 3887 457 3973 bello,
486 3890 520 3958 &
537 3886 583 3957 de
603 3910 688 3982 pace
705 3882 936 3981 universaque
954 3883 1170 3982 republica,”

188 4006 291 4081 erefili
310 4004 455 4106 gaudio,
480 4004 651 4079 fremunt:
687 4014 711 4047 “
728 4032 794 4079 nec
811 4004 979 4078 dictatore
996 4031 1171 4103 umquam

189 4137 214 4170 “
231 4154 320 4227 opus
344 4126 417 4202 sore
434 4124 663 4227 reipublicae,
692 4128 715 4199 fi
729 4126 812 4200 tales
828 4123 920 4201 viros
937 4124 976 4200 in
992 4126 1170 4228 magistra-
