3067 5342
428 733 499 809 372
758 707 1070 780 T.L1vrr

428 875 639 980 perdomita,
666 883 765 975 (nam
782 880 936 953 Forento
964 901 1109 975 quoque
1128 874 1246 950 valido
1269 874 1404 974 oppido

429 997 561 1096 Junius
572 997 705 1098 potitus
717 999 803 1092 erat)
829 997 867 1072 in
881 1000 1047 1072 Lucanos
1059 997 1267 1096 peneflum.
1312 989 1405 1067 inde

430 1117 614 1216 repentino
638 1120 794 1192 adventu
821 1115 969 1194 Aemilii
993 1113 1144 1192 consulis
1165 1115 1343 1189 Nerulum
1369 1112 1406 1188 vi

429 1259 587 1338 captum.
638 1240 686 1312 Et
701 1236 888 1338 postquam
904 1263 958 1312 res
974 1238 1116 1333 Capuae
1141 1233 1307 1310 stabilitas
1328 1233 1405 1306 Ro-

428 1383 534 1433 mana
562 1356 748 1456 disciplina
776 1355 870 1431 fama
899 1381 963 1454 per
978 1353 1090 1430 socios
1117 1353 1296 1455 vulgavit,
1331 1358 1407 1430 An·

428 1475 574 1553 tiatibus
597 1501 756 1576 quoque,
783 1475 847 1574 qui
874 1473 907 1550 se
933 1478 1001 1548 fine
1023 1474 1161 1574 legibus
1184 1473 1300 1561 certis,
1335 1475 1404 1546 stne

427 1594 687 1696 magistratibus
709 1621 811 1696 agere
834 1597 1082 1693 querebantur,
1117 1593 1191 1668 dati
1216 1596 1262 1669 ab
1286 1589 1406 1666 senatu

425 1717 472 1792 ad
483 1716 565 1812 jura
581 1715 763 1790 statuenda
783 1713 886 1814 ipfius
903 1713 1061 1789 coloniae
1077 1712 1236 1813 patroni:
1270 1738 1337 1787 nec
1352 1738 1404 1786 ar·

426 1861 486 1910 ma
513 1837 636 1924 modo,
674 1833 734 1910 sed
755 1835 836 1931 jura
866 1832 972 1908 etiam
1004 1835 1170 1908 Romana
1198 1835 1266 1907 late
1295 1833 1405 1930 polle-

425 1957 522 2030 bant.

475 2076 580 2150 XXI.
609 2075 653 2149 C.
670 2072 802 2170 Junius
813 2074 995 2147 Bubulcus
1013 2075 1047 2147 δι
1064 2071 1307 2175 QAetuilius
1325 2075 1404 2147 Bar-

425 2195 512 2269 bula
527 2192 684 2268 consules
699 2191 797 2266 exitu
817 2191 898 2266 anni
917 2217 989 2266 non
1006 2191 1211 2268 consulibus
1227 2195 1272 2267 ab
1282 2191 1316 2266 se
1330 2218 1403 2268 cre·

426 2311 504 2401 atis,
528 2315 586 2410 Sp.
614 2309 749 2385 Nautio
777 2314 812 2385 δι
839 2313 897 2386 Μ.
925 2310 1090 2410 Popillio,
1121 2331 1277 2388 ceterum
1294 2311 1404 2386 dieta

424 2431 493 2506 tori
520 2433 567 2505 L.
596 2428 753 2504 Aemilio
783 2429 938 2530 legiones
966 2430 1195 2506 tradiderunt.
1244 2434 1292 2520 Is,
1318 2457 1401 2506 cum

425 2551 473 2626 L
487 2549 617 2625 Fulvio
632 2549 797 2650 magistro
813 2551 976 2650 equitum
993 2551 1183 2627 Saticulam
1199 2555 1401 2652 obpugnare

426 2671 583 2758 adortus,
625 2669 818 2745 rebellandi
852 2673 1003 2746 caussam
1042 2669 1258 2748 Samnitibus
1291 2671 1400 2746 dedit.

426 2793 575 2889 Duplex
591 2789 675 2864 inde
691 2811 799 2864 terror
809 2791 937 2864 inlatus
950 2790 1135 2866 Romanis.
1186 2789 1288 2865 Hinc
1305 2793 1400 2864 Sam·

425 2908 494 2998 nis,
521 2935 652 3008 magno
681 2908 838 2985 exercitu
869 2912 992 2985 coatto
1012 2912 1059 2985 ad
1081 2911 1288 2986 eximendos
1313 2913 1399 2984 obfi-

425 3027 533 3103 dione
562 3028 686 3116 socios,
720 3030 817 3103 haud
849 3031 972 3129 procul
1004 3029 1122 3105 castris
1154 3033 1399 3106 Romanorum

426 3147 535 3224 castra
550 3146 684 3246 posuit:
712 3147 798 3224 hinc
812 3147 1001 3224 Saticulani
1017 3175 1149 3250 magno
1165 3175 1250 3225 cunr
1267 3152 1398 3226 tumul·

424 3289 480 3356 tu,
505 3265 685 3368 patefatlis
702 3289 844 3366 repente
860 3269 982 3368 portis,
1007 3269 1045 3344 in
1062 3270 1223 3346 stationes
1245 3269 1398 3344 hostium

424 3387 656 3464 incurrerunt.
705 3389 795 3462 Inde
811 3413 887 3487 pars
904 3409 1065 3487 utraque,
1096 3388 1154 3486 spe
1170 3388 1275 3464 alieni
1290 3388 1398 3488 magis

423 3506 562 3596 auxilii,
589 3533 698 3607 quam
720 3506 854 3582 viribus
878 3505 965 3582 freta
981 3507 1063 3597 suis,
1086 3509 1182 3605 justo
1198 3534 1284 3592 mox
1301 3535 1398 3608 proe-

423 3625 474 3704 lio
489 3626 579 3702 inito
600 3630 784 3704 Romanos
807 3647 972 3727 urguent.
1022 3631 1083 3716 Et,
1103 3653 1324 3728 quamquam
1339 3655 1396 3704 an·

424 3775 507 3848 ceps
523 3747 707 3825 dimicatio
722 3766 807 3836 erat,
830 3769 947 3822 tamen
963 3747 1143 3848 utrimque
1158 3767 1270 3824 tutam
1287 3749 1396 3824 aciem

423 3869 574 3945 dietator
595 3865 739 3954 habuit3
770 3867 911 3967 quia&
934 3870 1056 3944 locum
1079 3871 1175 3944 haud
1197 3867 1337 3945 facilem
1353 3869 1396 3942 ad

423 3986 779 4064 circumveniendum
802 3987 908 4087 cepit,
935 3993 969 4062 δι
992 3987 1126 4062 diversa
1146 3989 1266 4064 statuit
1295 3993 1395 4090 figua.

422 4105 584 4184 Infestior
599 4125 718 4182 tamen
733 4107 772 4182 in
789 4129 1011 4208 erumpentes
1027 4107 1181 4186 inc'effits
1211 4137 1278 4187 nec
1301 4135 1396 4210 mag·
