3067 5342
403 724 474 800 25²
734 705 1047 780 T.Ltv11

397 894 462 993 qui
478 897 619 971 alternis
643 923 753 998 prope
775 895 876 972 annis
901 902 936 974 ἃ
960 897 1124 974 tribunus
1149 895 1322 986 militum,
1342 902 1377 974 ἃ

394 1013 532 1112 primus
560 1015 722 1090 centurio
742 1037 829 1106 erat,
854 1043 962 1116 quem
987 1043 1084 1094 nunc
1117 1015 1289 1116 primipili
1314 1019 1377 1092 ad-

393 1134 536 1230 pellant.
588 1134 690 1211 Huic
718 1135 841 1211 infensr
871 1135 1001 1212 milites
1024 1157 1135 1224 erant,
1163 1137 1265 1233 quod
1285 1134 1376 1210 sem·

395 1279 459 1350 per
480 1253 678 1330 adversatus
704 1255 806 1329 novis
836 1255 985 1330 consiliis
1010 1253 1140 1342 fuiffet‚
1167 1259 1201 1328 δι
1229 1281 1274 1330 ne
1300 1280 1377 1352 par·

395 1369 505 1470 ticeps
518 1399 641 1448 eorum
657 1377 750 1462 effet,
768 1373 833 1474 qui
848 1377 893 1450 ab
906 1373 1073 1449 Lautulis
1089 1373 1265 1474 sugillent.
1307 1375 1375 1448 lta·

396 1515 469 1590 que
483 1517 599 1590 quum
616 1496 685 1568 hoc
699 1519 816 1568 unum
832 1513 974 1592 propter
995 1493 1177 1568 Salonium
1193 1495 1239 1568 ab
1255 1491 1375 1566 senatu

393 1635 468 1685 non
484 1611 736 1710 inpetraretu13
764 1631 843 1686 tum
859 1611 1034 1700 Salonius,
1048 1611 1239 1687 obtestatus
1254 1615 1375 1686 Patres

394 1729 620 1829 conscriptos,
646 1757 690 1804 ne
707 1731 811 1806 suum
828 1734 999 1805 honorem
1017 1730 1142 1828 pluris,
1163 1756 1273 1830 quam
1289 1757 1375 1807 con-

395 1847 554 1924 cordiam
584 1847 749 1939 civitatis,
788 1849 1021 1938 aestimarent,
1058 1849 1224 1949 perpulit,
1259 1871 1301 1926 ut
1337 1851 1375 1924 id

395 1991 543 2066 quoque
571 1966 726 2044 ferretur.
792 1974 920 2066 Aeque
961 1967 1124 2068 inpotens
1157 1969 1373 2067 postulatum

394 2084 478 2175 fuit,
505 2107 548 2161 ut
571 2089 616 2162 de
639 2085 814 2186 stipendio
836 2085 1002 2185 equitum
1031 2091 1228 2184 (merebant
1254 2109 1372 2164 autem

394 2205 523 2304 triplex
539 2233 580 2281 ea
595 2206 815 2303 tempestate)
834 2231 910 2280 aera
937 2207 1175 2294 demerentur,
1194 2209 1296 2307 quod
1312 2209 1372 2284 ad-

394 2323 517 2399 versati
534 2323 768 2421 conjurationi
786 2323 942 2399 fuiffent.

440 2441 562 2516 XLll.
624 2447 764 2518 Praeter
789 2445 875 2518 haec
904 2441 1047 2518 invenio
1071 2445 1167 2540 apud
1189 2443 1371 2543 quosdam,

393 2563 441 2636 L.
461 2559 683 2648 Genucium,
709 2561 894 2636 tribunum
913 2561 1038 2660 plebis,
1064 2561 1178 2638 tulisse
1195 2565 1241 2637 ad
1257 2591 1371 2665 popu·

392 2683 483 2770 lum,
508 2709 553 2756 ne
581 2678 758 2754 foenerare
784 2679 925 2755 liceret:
954 2679 1043 2754 item
1074 2679 1153 2756 aliis
1180 2683 1371 2779 plebiscitis

394 2822 555 2890 cautum,
582 2799 724 2898 nequis
746 2799 916 2874 eumdem
938 2798 1181 2898 magistratum
1199 2800 1290 2877 intra
1311 2805 1371 2878 de·

391 2946 471 2996 cem
499 2945 610 2994 annos
636 2940 796 3017 caperet3
827 2943 896 2992 neu
925 2919 1015 2992 duos
1045 2917 1266 3018 magistratus
1296 2948 1370 2996 uno

389 3065 485 3114 anno
501 3060 656 3138 gereret3
682 3038 809 3137 utique
835 3036 955 3112 liceret
980 3035 1138 3114 consules
1154 3041 1278 3114 ambos
1294 3043 1369 3138 ple·

391 3162 488 3257 bejos
504 3157 623 3235 creari.
666 3162 769 3258 Qrae
795 3161 818 3230 sr
846 3156 967 3231 omnia
989 3157 1147 3232 concessa
1162 3156 1241 3232 sunt
1257 3161 1367 3258 plebi,

390 3281 547 3378 adparet,
572 3278 670 3352 haud
690 3301 811 3373 parvas
832 3275 921 3350 vires
946 3273 1184 3352 defectionem
1199 3277 1369 3354 habuiffe.

391 3397 485 3474 Aliis
509 3396 692 3470 annalibus
717 3394 902 3493 proditum
927 3394 989 3484 est,
1016 3421 1133 3493 neque
1161 3395 1370 3473 dictatorem

391 3515 574 3590 Valerium
597 3513 750 3602 dietum,
777 3514 835 3588 sed
859 3541 920 3613 per
945 3514 1103 3589 consules
1128 3541 1273 3590 omnem
1296 3543 1371 3594 rem

390 3637 525 3710 aelami
551 3657 682 3730 neque,
707 3654 897 3732 antequam
916 3635 1073 3708 Romam
1094 3631 1285 3724 veniretur,
1311 3637 1370 3712 sod

388 3757 541 3840 Romae,
567 3777 646 3826 eam
670 3751 939 3826 multitudinem
965 3753 1227 3849 conjuratorum
1246 3756 1293 3829 ad
1315 3781 1366 3830 ar-

388 3901 449 3950 ma
462 3871 715 3950 consternatam
731 3875 821 3958 elle3
848 3898 912 3947 nec
930 3870 967 3946 in
988 3875 1034 3948 T.
1052 3872 1215 3972 Qtinffii
1234 3873 1367 3964 villam,

386 3995 448 4070 sed
473 3993 511 4070 in
534 3991 636 4068 andes
660 3991 703 4064 C.
726 3989 873 4080 Manlii,
899 3994 1003 4066 nolle
1028 3990 1193 4090 inpetum
1219 3993 1367 4084 fastum,

386 4137 544 4213 eumque
556 4108 774 4208 aconjuratis
787 4110 1096 4210 comprehensum,
1111 4128 1153 4186 ut
1164 4109 1241 4188 dux
1252 4115 1365 4194 fieret:
