3067 5342
496 657 859 731 L1nnnV.-
1111 680 1156 756 75

174 828 214 904 su
229 855 351 907 retum
368 827 508 904 suarum
519 829 678 919 animos,
696 858 794 905 arma
807 828 1160 928 tantumfertumque

174 948 213 1021 in
238 949 385 1036 dextris,
407 951 506 1022 velut
527 949 612 1024 solas
629 951 794 1049 reliquias
809 949 879 1049 spei
898 949 991 1038 suae,
1017 951 1157 1025 intuen-

173 1090 237 1144 tes.

223 1190 364 1262 XLIII.
393 1188 487 1264 Galli
506 1215 665 1287 quoque,
689 1215 753 1286 per
772 1189 909 1287 aliquot
925 1188 999 1263 dies
1015 1189 1053 1262 in
1069 1193 1161 1264 tecla

171 1311 288 1382 modo
305 1309 403 1382 urbis
428 1307 673 1406 nequidquam
691 1310 786 1383 bello
801 1308 910 1406 gesto,
936 1334 1051 1405 quum
1069 1309 1160 1384 inter

172 1427 344 1501 incendia
375 1455 414 1503 ac
440 1428 557 1502 ruinas
584 1449 704 1525 captae
729 1427 826 1503 urbis
858 1427 947 1501 nihil
974 1427 1156 1526 superesse,

172 1569 311 1644 praeter
326 1568 475 1621 armatos
491 1547 618 1634 hostes,
640 1547 814 1636 viderent,
843 1547 1088 1646 nequidquam
1104 1569 1158 1623 tot

172 1665 338 1740 cladibus
357 1667 503 1754 territos,
531 1693 596 1741 nec
613 1669 766 1740 flexuros
782 1669 828 1740 ad
845 1666 1065 1742 deditionem
1082 1668 1157 1743 ani-

172 1813 267 1874 mos,
285 1787 323 1859 ni
342 1785 394 1861 vis
409 1786 635 1862 adhiberetur
640 1819 652 1873 3
676 1784 826 1883 experiri
841 1785 981 1873 ultima,
1006 1793 1040 1862 a
1058 1787 1157 1887 inpe-

175 1929 257 1980 tum
278 1904 390 1980 facete
407 1905 445 1980 in
460 1932 575 1980 arcem
590 1905 758 1979 statuunt.
808 1904 928 1979 Prima
943 1909 1036 1994 luce,
1061 1911 1158 2007 figno

174 2027 261 2100 dato
286 2025 481 2100 multitudo
507 2025 624 2099 omnis
650 2025 686 2099 in
711 2023 789 2099 foro
811 2023 1004 2099 instruitur.
1053 2029 1156 2114 Inde,

174 2148 328 2218 clamore
345 2144 481 2219 sublato
497 2171 536 2218 ac
552 2144 726 2218 testudine
744 2143 846 2221 aaa.
864 2143 1027 2221 subeunt.
1077 2149 1156 2221 Ad·

174 2263 291 2338 versus
309 2290 400 2363 quos
417 2263 574 2338 Romani
598 2263 687 2336 nihil
704 2285 835 2336 temere
852 2290 917 2338 nec
936 2265 1086 2364 trepide,
1109 2269 1156 2341 ad
1257 2286 1259 2291 '

175 2409 299 2456 omnes
322 2383 438 2457 aditus
456 2382 662 2457 stationibus
687 2381 845 2471 firmatis,
873 2408 945 2481 qua
966 2388 1059 2483 figna
1075 2385 1156 2458 ferri

174 2501 357 2590 videbant,
370 2529 410 2576 ea
420 2507 544 2578 robore
557 2502 715 2575 virorum
729 2505 888 2599 obposrto
901 2501 1063 2576 scandere
1077 2503 1154 2577 hos-

177 2642 248 2695 tem
265 2625 397 2696 smunt:
428 2648 501 2721 quo
514 2620 709 2696 succelserit
726 2621 838 2719 magis
856 2620 895 2694 in
914 2624 1081 2709 arduum,
1111 2650 1155 2696 eo

174 2741 258 2837 pelli
278 2745 373 2839 polle
393 2768 455 2840 per
468 2742 621 2840 proclive
638 2740 777 2814 facilius
803 2741 879 2815 rati.
929 2741 1060 2814 Medio
1085 2741 1155 2818 fere

175 2859 269 2934 clivo
284 2860 457 2935 restitere:
488 2883 595 2960 atque
612 2860 696 2935 inde
714 2885 758 2933 ex
776 2861 856 2934 loco
872 2859 1062 2957 superiore,
1088 2861 1154 2960 qui

175 3004 284 3076 prope
299 2978 359 3052 sua
373 2979 495 3077 sponte
508 2980 546 3054 in
561 2980 696 3054 hostem
712 2979 894 3067 inferebat,
913 2978 1035 3079 inpetu
1049 2980 1154 3070 fado,

176 3097 285 3196 strage
303 3125 342 3172 ac
360 3099 462 3173 ruina
474 3100 597 3174 fudere
616 3101 752 3174 Gallos:
771 3120 813 3172 ut
827 3125 1027 3197 numquam
1037 3100 1156 3197 postea

174 3243 240 3291 nec
258 3243 348 3314 pars,
379 3245 446 3292 nec
463 3219 611 3293 univerfi
631 3218 840 3294 tentaverint
854 3221 921 3292 tale
937 3244 1078 3318 pugnae
1095 3247 1154 3319 ge-

174 3361 253 3410 nus.
303 3337 439 3411 Omiffa
462 3335 581 3436 itaque
606 3337 664 3434 spe
689 3364 751 3436 per
765 3338 840 3412 vim
862 3360 968 3437 atque
985 3363 1080 3412 arma
1100 3339 1154 3414 su-

174 3455 324 3543 beundi,
352 3457 570 3531 obfidionem
597 3479 734 3556 parant:
759 3459 859 3554 cujus
882 3460 927 3532 ad
950 3458 989 3533 id
1012 3481 1154 3557 tempus

173 3574 401 3664 inmemores,
424 3580 473 3664 a,
498 3579 599 3674 quod
621 3576 658 3650 in
681 3581 768 3653 urbe
785 3578 909 3667 fuerat,
932 3579 1153 3655 frumentum

175 3693 350 3768 incendiis
371 3695 468 3770 urbis
490 3695 738 3785 absumserant,
763 3703 797 3771 ἃ
815 3725 860 3771 ex
875 3697 966 3797 agris
983 3725 1045 3796 per
1063 3698 1154 3797 ipsos

173 3813 250 3888 dies
277 3833 416 3913 raptum
443 3841 550 3890 omne
579 3817 683 3911 Vejos
706 3837 788 3890 erat.
838 3816 965 3916 Igitur,
996 3819 1152 3895 exercitu

175 3931 300 4021 diviso,
328 3934 457 4030 partim
473 3962 536 4034 per
551 3933 722 4010 finitimos
741 3938 891 4035 populos
908 3938 1064 4036 praedari
1081 3943 1153 4037 pla·

176 4050 263 4141 cuit,
285 4053 415 4152 partim
434 4053 582 4131 obfideri
598 4081 734 4145 arcem3
763 4077 807 4132 ut
823 4058 1063 4134 obfidentibus
1080 4059 1153 4136 fiu-
