3067 5342
461 717 695 794 Lraan
746 717 810 790 Vl.
1085 741 1147 816 171

171 901 202 935 “
219 910 277 965 tus
293 889 414 964 nullus
429 889 607 988 auspicato
623 909 770 964 creatur.
820 887 937 966 Nobis
961 890 1051 963 adeo
1074 911 1154 986 pro·

173 1022 200 1055 “
221 1010 297 1109 pria
313 1010 393 1085 sunt
409 1010 578 1109 auspicia,
609 1033 652 1084 ut
675 1036 747 1083 non
768 1008 896 1097 solum,
927 1035 1018 1108 quos
1042 1013 1156 1108 popu-

172 1134 276 1206 “lus
288 1153 382 1206 creat
396 1131 559 1230 patricios
571 1131 804 1230 magistratus,
826 1157 899 1204 non
912 1130 1024 1218 aliter,
1049 1155 1158 1228 quam

174 1263 201 1296 “
221 1251 412 1350 auspicat0‚
437 1274 552 1340 creet3
579 1252 639 1326 sed
656 1277 720 1326 nos
742 1277 890 1350 quoque
911 1251 972 1348 ipfi
995 1254 1064 1324 fine
1088 1248 1159 1324 suf·

174 1384 202 1416 “
222 1371 334 1471 fiagio
350 1371 476 1470 populi
486 1371 663 1470 auspicato
676 1371 888 1471 interregem
904 1372 1108 1469 prodamus,
1125 1375 1159 1444 ac

175 1492 388 1591 “privatim
412 1490 566 1591 auspicia
599 1495 804 1580 habeamus,
850 1511 941 1589 quae
968 1490 1024 1564 isti
1052 1517 1096 1565 ne
1124 1489 1161 1564 in

177 1625 205 1659 “
223 1611 484 1713 magistratibus
496 1612 645 1711 quidem
662 1615 805 1688 habent.
855 1611 957 1712 Quid
975 1609 1084 1711 igitur
1099 1608 1161 1683 ali-

178 1746 206 1777 “
224 1736 290 1821 ud,
325 1758 436 1831 quam
450 1732 543 1806 tollit
555 1759 601 1806 ex
617 1731 759 1807 civitate
773 1729 941 1830 auspicia,
975 1729 1053 1830 qui,
1087 1732 1161 1827 ple-

178 1864 206 1898 “
221 1854 319 1949 bejos
336 1851 495 1927 consules
512 1854 677 1940 creando,
708 1879 729 1925 a
745 1852 921 1942 Patribus,
949 1851 1013 1950 qui
1036 1849 1100 1925 soli
1123 1877 1165 1924 ea

180 1985 207 2017 “
224 1977 353 2048 habere
382 1976 537 2071 poliunt,
564 1971 704 2047 aufert?
761 1974 921 2048 Eludant
953 1998 1049 2047 nunc
1081 1971 1165 2046 licet

181 2105 207 2137 ‘⁴
226 2092 426 2192 religiones.
478 2091 582 2193 Qud
598 2093 695 2167 enim
706 2092 768 2182 est,
789 2091 915 2192 fipulli
933 2119 1006 2167 non
1023 2091 1164 2189 pascen-

181 2223 207 2256 “
224 2216 305 2286 tur?
335 2217 431 2286 fissex
450 2238 556 2287 cavea
568 2211 704 2287 tardius
719 2211 893 2287 exierint?
927 2211 1166 2288 fioccinuerit

183 2343 208 2376 ‘⁴
226 2331 328 2407 avis?
378 2336 489 2407 Parva
517 2331 598 2406 sunt
632 2336 735 2408 haec:
778 2331 839 2408 sed
867 2359 972 2433 parva
1001 2334 1076 2408 ista·
1093 2359 1167 2408 non

183 2435 495 2527 “contemnendo
526 2454 672 2549 majores
703 2452 811 2526 nostri
847 2453 1041 2530 maximam
1076 2458 1168 2530 hanc

184 2583 210 2617 ‘⁸
230 2599 305 2648 rem
321 2573 493 2648 fecerunt.
542 2571 655 2647 Nunc
681 2599 759 2662 nos,
790 2593 974 2672 tamquam
984 2577 1061 2670 jam
1079 2573 1169 2648 nihil

185 2704 212 2736 “
230 2719 318 2792 pace
345 2697 508 2768 Deorum
529 2719 620 2790 opus
635 2695 687 2781 fit,
715 2719 839 2768 omnes
857 2693 1074 2768 ceremonias
1091 2696 1168 2792 pol·

186 2813 376 2887 “luimus
426 2815 548 2910 Vulgo
574 2837 659 2912 ergo
687 2811 889 2912 pontifices,
920 2839 1084 2914 augures,
1120 2813 1169 2888 sa·

188 2944 214 2978 “
233 2932 382 3008 crificuli
413 2958 510 3032 reges
541 2953 723 3006 creentur:
752 2933 901 3009 cuilibet
929 2934 1067 3031 apicem
1095 2933 1169 3007 dia-

190 3065 215 3098 “
232 3057 318 3142 lem,
348 3053 552 3127 dummodo
581 3055 692 3126 homo
721 3055 772 3142 fit,
799 3053 1031 3151 inponamus=
1057 3055 1170 3128 trada-

191 3184 314 3248 “mus
338 3171 482 3260 ancilia,
525 3172 728 3268 penetralia,
780 3176 891 3263 Deos
936 3178 1171 3274 Deorumque

193 3304 217 3336 “
233 3319 368 3380 curam,
402 3291 536 3391 quibus
553 3291 650 3365 nefas
665 3292 726 3367 est.
776 3297 814 3367 N
817 3319 864 3366 on
881 3297 976 3394 leges
994 3295 1172 3394 auspicato

194 3424 218 3456 “
236 3413 403 3501 feranmt,
433 3439 507 3486 non
521 3411 741 3512 magistratus
757 3435 934 3488 creentur:
966 3441 1031 3489 nec
1049 3435 1171 3488 centu-

194 3544 217 3578 “
235 3533 343 3621 natis,
373 3559 440 3607 nec
464 3532 607 3606 curiatis
630 3531 787 3608 comitiis
810 3536 929 3608 Patres
954 3538 1111 3609 auderes
1131 3537 1172 3610 fi-

195 3665 218 3696 “
235 3676 308 3729 ant.
357 3652 499 3727 Sextius
520 3657 553 3726 δι
571 3651 751 3742 Licinius,
784 3675 967 3752 tamquam
991 3658 1173 3731 Romulus

195 3783 219 3816 “
237 3801 277 3848 ac
291 3771 433 3860 Tatius,
463 3772 502 3845 in
524 3777 613 3849 urbe
630 3777 797 3847 Romana
814 3796 975 3872 regnent,
1005 3775 1090 3874 quia
1112 3803 1173 3876 pe-

197 3903 221 3936 “
239 3892 360 3967 eunias
376 3891 519 3980 alienas,
553 3880 640 3991 quia
664 3919 764 3993 agros
789 3894 886 3968 dono
910 3896 1007 3970 dant.
1058 3899 1175 3970 Tanta

195 4022 220 4055 “
237 4014 394 4086 dulcedo
408 4012 459 4086 est
478 4039 523 4086 ex
548 4012 671 4087 alienis
693 4013 844 4088 fortunis
870 4015 1079 4112 praedandi:
1108 4043 1174 4092 nec

196 4141 221 4176 “
236 4131 275 4208 in
291 4153 449 4209 mentem
471 4131 583 4222 venit,
614 4135 720 4208 altera
745 4137 823 4236 lege
842 4132 1048 4214 solitudines
1066 4137 1175 4213 vastas
