3067 5342
402 649 468 722 188
713 645 1028 718 T.L1v11

396 831 422 864 “
440 845 484 892 ne
501 817 646 906 deinde,
662 823 805 895 turbato
821 817 983 920 gentium
994 819 1087 915 jure,
1104 813 1248 893 comitia
1264 817 1368 892 habe-

396 951 422 984 “
441 941 595 1012 rentur.''
643 939 716 1012 His
738 938 888 1016 vocibus
905 939 1051 1014 curia&
1071 936 1188 1012 forum
1205 934 1373 1034 personat

396 1063 469 1156 Ap.
484 1056 694 1145 Claudium,
709 1058 1131 1158 quiadiffuaseratlegem,
1143 1057 1273 1152 majore
1281 1081 1376 1130 nunc

396 1177 601 1252 auctoritate
618 1199 786 1252 eventum
801 1182 993 1276 reprehensr
1010 1181 1055 1253 ab
1072 1175 1104 1251 se
1122 1175 1255 1250 consdii
1274 1175 1375 1250 incu-

396 1297 542 1384 santem,
557 1297 764 1372 dictatorem
782 1297 949 1372 consensu
967 1296 1194 1398 patriciorum
1210 1294 1377 1370 Servilius

397 1417 521 1492 consul
537 1417 639 1506 dicit,
655 1417 929 1516 delectusque&
941 1417 1120 1516 justitium
1137 1416 1327 1492 indictum.

446 1540 527 1612 Vll.
555 1536 764 1636 Priusquam
788 1537 937 1612 diclator
959 1536 1185 1636 legionesque
1203 1561 1317 1610 novae
1341 1535 1379 1608 iu

396 1657 581 1734 Hernicos·
601 1657 774 1745 venirent,
806 1659 917 1732 ductu
948 1659 990 1732 C.
1015 1655 1165 1754 Sulpicii
1192 1654 1299 1754 legati
1325 1681 1381 1730 res

397 1803 460 1876 per
481 1781 699 1879 occassionem
726 1777 822 1876 gesta
848 1777 987 1876 egregie
1014 1777 1075 1852 est.
1125 1779 1168 1851 In
1183 1775 1380 1864 Hernicos,

397 1919 510 1972 morte
534 1895 686 1971 consulis
703 1895 913 1970 contemtim
928 1899 973 1972 ad
988 1897 1094 1971 castra
1110 1899 1277 1970 Romana
1294 1921 1382 1970 cum

398 2016 621 2092 hauddubie
636 2015 866 2116 expugnandi
885 2015 942 2115 spe
960 2015 1200 2104 succedentes,
1218 2017 1381 2088 hortante

397 2140 527 2236 legato,
559 2141 592 2210 δι
620 2135 733 2233 plenis
753 2135 822 2208 irae
845 2157 952 2234 atque
979 2135 1201 2235 indignitatis
1219 2133 1380 2212 militum

397 2255 537 2341 animis,
555 2254 693 2352 emptio
710 2255 760 2328 est
776 2254 876 2330 facta.
928 2259 1093 2331 Multum
1106 2259 1150 2330 ab
1168 2254 1225 2354 spe
1242 2256 1378 2328 adeun-

396 2373 434 2447 di
449 2373 529 2446 valli
544 2400 595 2446 res
611 2372 782 2448 Hernicis
798 2373 910 2462 afuit;
941 2377 1030 2449 adeo
1047 2375 1194 2449 turbatis
1212 2373 1297 2450 inde
1317 2401 1375 2450 or-

399 2493 544 2568 dinibus
575 2490 770 2566 abscellere.
831 2493 1020 2568 Didiatoris
1055 2495 1187 2569 deinde
1221 2499 1379 2570 adventu

399 2640 513 2688 novus
534 2612 643 2687 veteri
665 2611 840 2687 exercitus
858 2614 1034 2712 jungitur,
1062 2621 1096 2688 bt
1116 2614 1238 2713 copiae
1257 2614 1379 2714 'dupli-

398 2757 541 2810 cantur:
571 2738 604 2808 lle
632 2759 696 2832 pro
719 2732 892 2807 concione
919 2733 1070 2808 dictator
1086 2735 1253 2810 laudibus
1269 2733 1379 2834 legati

399 2855 643 2951 militumque,
671 2879 826 2951 quorum
843 2851 972 2926 virtute
988 2854 1095 2928 castra
1112 2853 1251 2930 defensa
1266 2877 1380 2945 erant,

398 2979 499 3051 simul
522 2972 749 3060 audientibus
775 2974 896 3046 laudes
919 2973 1071 3061 meritas,
1099 2975 1193 3048 tollit
1215 2976 1354 3050 animos
1366 3009 1380 3064 3

399 3097 500 3171 fimul
514 3115 646 3169 ceteros
659 3095 704 3166 ad
716 3093 942 3166 aemulandas
954 3093 1100 3169 virtutes
1111 3096 1219 3170 acuit.
1245 3099 1380 3194 Neque

399 3214 538 3316 segnius
560 3215 606 3286 ad
621 3211 735 3297 hostes
758 3213 894 3287 bellum
913 3215 1110 3312 adparatur,
1136 3216 1215 3314 qui,
1236 3215 1380 3314 &parti

398 3357 477 3408 ante
497 3331 632 3407 decoris
647 3357 833 3420 memores,
858 3359 974 3432 neque
993 3334 1104 3434 ignari
1122 3339 1305 3416 andiacum
1322 3335 1379 3410 vi-

398 3454 492 3528 rium
518 3449 638 3538 hostis,
664 3449 740 3524 suas
770 3478 916 3552 quoque
943 3453 1032 3528 vires
1059 3477 1201 3556 augent.
1256 3458 1380 3530 Omne

400 3569 605 3648 Hernicum
627 3596 772 3659 nomen,
796 3572 911 3646 omnis
931 3573 1090 3649 militaris
1113 3599 1205 3652 aetas
1225 3576 1378 3652 excitur.

399 3690 722 3796 Qradringenariae
739 3695 821 3765 ouo
838 3695 1010 3783 cohortes,
1038 3697 1127 3769 lecta
1141 3700 1266 3772 robora
1283 3697 1379 3771 viro·

311 3855 315 3863 ·
399 3841 494 3902 rum,
511 3811 721 3888 scribuntur.
772 3815 886 3888 Hunc
910 3814 1085 3890 eximium
1107 3819 1231 3892 florem
1247 3818 1378 3914 juven-

400 3934 485 4010 tutis
498 3961 542 4007 eo
557 3933 678 4022 etiam,
695 3935 810 4032 quod,
828 3955 869 4008 ut
883 3937 1018 4034 duplex
1035 3935 1234 4034 acciperent
1247 3937 1378 4037 stipen-

398 4056 517 4142 dium,
543 4056 780 4146 decreverant,
808 4053 878 4154 spei
902 4055 1173 4158 animommque
1189 4057 1377 4158 inplevere.
