3067 5342
506 677 738 754 Lraan
790 677 890 756 VIII.
1102 701 1173 781 325

190 843 302 920 fuiffe.
361 849 441 922 Nec
475 868 593 922 tamen
625 873 677 924 res
706 851 781 923 ulla
812 845 1051 923 memorabilis
1081 847 1172 920 astat

189 990 272 1064 aget
289 968 433 1063 Apulus
449 965 707 1067 Samniumque
725 969 938 1043 evastatum:
966 966 1081 1042 hostes
1107 990 1173 1040 nec

188 1082 263 1172 hic,
289 1111 355 1159 nec
385 1083 457 1161 illic
484 1087 631 1162 inventi.
681 1090 821 1164 Romae
849 1092 1043 1163 nostumus
1066 1107 1174 1159 terror

189 1202 238 1277 ita
260 1229 305 1277 ex
323 1202 447 1279 somno
471 1206 642 1306 trepidam
663 1231 805 1307 repente
829 1207 1009 1284 civitatem
1025 1203 1171 1292 excivit,

189 1345 232 1398 ut
258 1323 477 1422 Capitolium
503 1349 609 1426 atque
632 1353 706 1415 arx,
736 1327 949 1426 moeniaque
979 1330 1013 1399 δι
1038 1345 1171 1422 portae,
1248 1375 1253 1391 .

188 1445 293 1544 plena
309 1466 522 1522 armatorum
536 1446 677 1522 fuerint.
729 1451 778 1521 Et
794 1473 910 1546 quum
924 1445 1172 1521 concursatum

189 1567 526 1665 conclamatumque
559 1568 605 1642 ad
642 1594 737 1642 arma
766 1565 936 1643 omnibus
961 1566 1049 1641 locis
1073 1569 1169 1654 effet,

187 1685 301 1785 prima
322 1689 403 1761 luce
426 1713 491 1761 nec
514 1689 649 1776 aussor,
685 1715 750 1764 nec
767 1689 882 1763 caussa
907 1687 1045 1763 terroris
1071 1713 1170 1762 com-

186 1805 313 1906 paruit.
364 1809 505 1882 Eodem
521 1833 614 1882 anno
640 1808 685 1881 de
708 1807 919 1883 Tusculanis
937 1805 1058 1882 Flavia
1070 1833 1170 1906 roga·

186 1925 283 2000 tione
299 1926 423 2024 populi
441 1925 511 2002 fuit
522 1926 715 2024 judicium.
765 1931 824 2003 Μ.
844 1928 987 2003 Flavius
1003 1927 1170 2002 tribunus

186 2045 300 2146 plebis
327 2046 409 2120 tulit
437 2049 483 2121 ad
504 2049 692 2146 populum,
717 2069 760 2122 ut
791 2047 829 2121 in
849 2051 887 2122 T
887 2027 1072 2123 usculanos
1093 2044 1168 2120 ani·

187 2169 483 2254 madverteremr;
526 2192 681 2265 quorum
711 2193 836 2242 eorum
862 2193 930 2267 ope
958 2194 998 2243 ac
1025 2165 1169 2242 confilio

187 2287 360 2362 Veliterni
377 2285 662 2387 Privernatesque
687 2290 823 2387 populo
840 2289 1008 2362 Romano
1032 2288 1169 2362 bellum

184 2407 355 2484 fecissent.
405 2409 565 2506 Populus
599 2405 826 2483 Tusculanus
853 2433 938 2484 cum
953 2407 1168 2508 conjugibus

184 2555 226 2603 ac
255 2527 373 2604 liberis
399 2530 557 2603 Romam
584 2527 693 2602 venit.
745 2531 798 2602 Ea
826 2527 1035 2616 multitudo,
1073 2528 1167 2603 veste

184 2671 332 2738 mutata,
358 2653 391 2724 δι
409 2647 522 2746 specie
537 2674 691 2736 reorum,
725 2647 838 2724 tribus
853 2647 993 2736 circuit,
1014 2647 1166 2748 genibus

183 2768 217 2843 se
241 2768 406 2844 omnium
429 2771 630 2844 advolvens.
673 2770 766 2843 Plus
784 2768 904 2867 itaque
926 2767 1166 2845 misericordia

182 2891 229 2964 ad
245 2916 379 2988 poenae
399 2889 540 2963 veniam
563 2889 822 2987 inpetrandam,
847 2915 958 2988 quam
981 2893 1094 2964 caussa
1118 2892 1165 2965 ad

184 3007 320 3084 crimen
334 3011 560 3109 purgandum
577 3007 697 3083 valuit.
746 3007 882 3084 Tribus
905 3035 1041 3099 omnes,
1067 3037 1165 3110 prae·

185 3151 237 3204 ter
253 3129 417 3219 Polliam,
451 3128 681 3227 antiquarunt
700 3129 828 3228 legem.
878 3129 1011 3204 Polliae
1028 3128 1163 3206 senten·

184 3249 233 3325 tia
249 3249 331 3340 suit,
356 3253 505 3349 puberes
528 3252 723 3324 verberatos
741 3246 870 3336 necari,
892 3249 1058 3348 conjuges
1074 3251 1163 3326 libe·

183 3369 308 3470 rosque
336 3370 400 3445 sub
424 3395 553 3444 corona
568 3370 644 3468 lege
667 3367 751 3443 belli
768 3367 907 3443 venire:
938 3369 1162 3446 memoriam·

184 3516 254 3589 que
277 3491 350 3587 ejus
377 3487 447 3564 irae
469 3487 680 3564 Tusculanis
705 3487 743 3563 in
776 3514 908 3587 poenae
935 3506 1008 3562 tam
1034 3490 1160 3567 atrocis

183 3613 339 3686 aussores
356 3611 509 3684 mansisse
526 3609 571 3682 ad
588 3629 729 3706 patrum
745 3628 894 3682 aetatem
921 3609 1068 3699 constat,
1093 3637 1160 3686 nec

183 3755 402 3830 quemquam
436 3728 545 3803 ferme
581 3753 627 3802 ex
663 3727 778 3804 Pollia
803 3728 898 3804 tribu
931 3728 1160 3808 candidatum

183 3849 356 3950 Papiriam
373 3847 461 3923 ferre
472 3847 625 3923 solitum.

231 3970 443 4046 XXXVIII.
478 3966 680 4067 Insequenti
712 3995 819 4058 ann0,
860 3973 918 4070 Q
939 3966 1065 4056 Fabi0,
1111 3969 1158 4044 L

184 4089 313 4166 Fulvio
330 4087 547 4178 consulibus,
574 4093 621 4164 A.
646 4089 832 4166 Cornelius
855 4088 991 4165 Arvina
1010 4089 1160 4167 disbatot
1246 4091 1251 4098 ’
