3067 5342
495 679 727 754 Lrsan
779 679 860 754 VII.
1108 701 1173 779 ¹97

191 848 375 950 aliquanto
403 852 552 941 bellum,
582 879 692 953 quam
717 852 806 953 parti
829 851 972 952 utrique
996 851 1170 950 placebat,

191 967 272 1044 fuit.
321 973 450 1072 Qtum
465 973 583 1071 primo
598 973 693 1048 Galli
705 995 845 1047 tantum
861 971 958 1048 avidi
970 971 1170 1047 certaminis

190 1087 345 1178 sciissent,
379 1090 510 1166 deinde
532 1097 719 1168 Romanus
747 1093 862 1182 miles,
896 1094 1033 1167 ruendo
1056 1091 1094 1166 in
1116 1118 1168 1166 ar-

188 1235 249 1283 ma
270 1236 312 1285 ac
331 1209 613 1301 dimicationem,
639 1214 863 1311 aliquantum
887 1212 1061 1288 Gallicam
1078 1210 1168 1287 fero-

188 1329 284 1405 ciam
315 1329 500 1419 vinceret;
549 1332 711 1408 dietatori
744 1333 954 1432 neutiquam
991 1333 1165 1431 placebat,
1274 1317 1277 1328 ¹

187 1451 334 1549 quando
350 1453 449 1525 nulla
463 1473 604 1551 cogeret
619 1479 685 1542 res,
711 1451 870 1528 fortunae
887 1451 920 1526 se
944 1452 1165 1528 committere

185 1569 351 1645 adversus
384 1571 533 1661 hostem,
577 1599 686 1671 quem
716 1594 857 1672 tempus
886 1572 1096 1649 deteriorem
1125 1572 1164 1646 in

185 1689 264 1765 dies
283 1695 317 1765 ὅτ
335 1693 434 1766 locus
448 1692 582 1767 alienus
598 1692 738 1782 faceret,
763 1698 833 1767 fine
848 1715 1049 1793 praeparato
1066 1717 1164 1766 com·

185 1831 320 1899 meatu,
355 1815 424 1885 fine
450 1814 555 1887 firmo
584 1814 809 1890 munimento
835 1833 1043 1888 morantem.
1100 1813 1164 1886 Ad

183 1932 255 2004 hoc
277 1929 321 2004 iis
336 1930 463 2006 animis
489 1933 777 2034 corporibusque,
804 1959 959 2032 quorum
981 1930 1098 2008 omnis
1124 1931 1163 2005 in

183 2049 308 2148 inpetu
324 2051 377 2125 vis
392 2055 486 2141 effer,
512 2079 617 2151 parva
639 2055 763 2128 eadem
790 2051 1027 2152 languesceret
1052 2076 1162 2127 mora.

182 2168 258 2244 His
267 2170 416 2246 confiliis
427 2171 578 2247 dictator
593 2175 728 2248 bellum
744 2175 913 2260 trahebat,
947 2195 1162 2272 gravemque

181 2289 343 2366 edixerat
366 2319 530 2391 poenam,
556 2292 678 2392 fiquis
699 2291 826 2389 injussu
850 2291 889 2367 in
911 2292 1047 2367 hostem
1068 2315 1161 2388 pug-

180 2413 301 2487 nasset,
351 2413 504 2503 Milites,
547 2439 648 2514 aegre
678 2412 719 2487 id
745 2411 930 2510 patientes,
975 2411 1092 2512 primo
1121 2411 1161 2486 in

181 2531 392 2608 stationibus
417 2532 617 2637 vigiliisque
640 2532 730 2607 inter
750 2531 785 2606 se
807 2531 1015 2608 dislatorem
1033 2533 1160 2608 sermo-

181 2651 290 2729 nibus
315 2679 454 2752 carpere
460 2687 473 2741 ;
503 2653 683 2727 interdum
709 2656 828 2727 Patres
851 2651 1089 2726 communiter
1105 2651 1159 2725 in-

180 2797 335 2871 crepare,
373 2774 475 2870 quod
504 2799 577 2847 non
599 2773 768 2868 juffiffent
799 2796 863 2868 per
891 2770 1050 2846 consules
1083 2769 1158 2870 geri
1262 2871 1268 2880 Ι
1345 2807 1347 2815 “

178 2893 328 2968 bellum.
378 2903 404 2936 “
424 2894 590 2997 Eles'tum
612 2893 679 2965 elle
701 2890 875 2966 eximium
897 2891 1158 2989 imperatorem,

179 3021 206 3057 “
223 3011 377 3087 unicum
392 3013 539 3100 ducem,
566 3011 631 3108 qui
660 3009 751 3084 nihil
773 3009 891 3110 agenti
908 3010 971 3084 srbi
987 3013 1033 3085 de
1056 3012 1158 3088 coelo

178 3143 204 3177 “
222 3133 466 3208 devolaturam
482 3131 521 3205 in
538 3135 650 3206 finum
666 3130 850 3206 victoriam
869 3130 1038 3207 censeat.''
1088 3134 1157 3206 Ea-

175 3254 263 3326 dem
284 3251 414 3326 deinde
431 3254 518 3326 haec
534 3250 687 3326 interdiu
704 3255 899 3351 propalam,
928 3279 969 3327 ac
985 3250 1157 3328 ferociora

175 3371 247 3460 his,
270 3371 425 3468 jaslare3
453 3382 479 3415 “
496 3369 532 3445 se
547 3369 675 3467 injussu
697 3371 915 3469 imperatoris
929 3392 992 3447 aut
1006 3370 1155 3447 dimica

175 3503 202 3538 “
220 3515 333 3578 turos,
360 3512 422 3564 aut
446 3491 588 3590 agmine
617 3493 774 3565 Romam
796 3491 942 3567 ituros.”
990 3489 1156 3567 Inmisce·

172 3613 278 3712 rique
291 3608 467 3686 militibus
480 3609 718 3684 centuriones:
746 3611 867 3685 necin
885 3610 1026 3686 circulis
1043 3614 1155 3688 modo

173 3732 336 3819 fremere,
368 3729 428 3805 sed
452 3731 530 3828 jam
556 3730 594 3804 in
620 3729 804 3828 principiis
834 3755 875 3806 ac
908 3733 1083 3829 praetorio
1114 3733 1153 3808 in

171 3877 292 3927 unum
321 3850 495 3926 sermones
527 3849 717 3939 confundi,
756 3871 863 3949 atque
896 3850 934 3925 in
971 3853 1153 3929 concionis

174 3970 464 4072 magnitudinem
497 3969 647 4046 crescere
679 3974 796 4059 turba,
831 3975 866 4044 δι
893 3971 1076 4048 vociferari
1107 3999 1153 4050 ex

174 4091 344 4168 omnibus
362 4091 464 4181 locis,
494 4100 579 4166 “ut
601 4092 781 4190 extemplo
795 4093 843 4167 ad
858 4089 1066 4170 dissertorem
1087 4092 1155 4170 ite·
