3067 5342
366 607 437 697 184
632 658 638 668 .
728 603 1045 676 T.L1vrt

365 777 544 877 Imperiofi
574 801 678 875 grave
702 775 833 856 liberae
860 773 1009 862 civitati,
1042 776 1088 850 ab
1114 769 1344 848 ostentatione

365 896 524 972 saevitiae
546 895 745 984 adscitum3
774 922 882 994 quam
906 922 979 970 non
1006 893 1118 994 magis
1142 893 1181 968 in
1208 891 1344 981 alienis,

366 1043 475 1116 quam
493 1015 531 1090 in
548 1015 732 1113 proximis,
748 1043 790 1090 ac
807 1014 974 1116 sanguine
992 1013 1063 1114 ipse
1080 1012 1143 1088 suo
1160 1033 1345 1089 exerceret.

366 1135 592 1235 criminique
608 1137 642 1211 ei
654 1136 820 1211 tribunus
830 1135 919 1210 inter
932 1157 1046 1210 cetera
1062 1137 1182 1222 dabat,
1201 1145 1225 1178 “
1245 1135 1344 1232 quod

368 1267 394 1302 “
411 1255 530 1332 lilium
562 1258 747 1353 juvenem,
789 1255 921 1334 nullius
956 1254 1075 1355 probri
1109 1276 1344 1355 compertum,

288 1432 292 1437 -
367 1385 587 1451 “extorrem
615 1380 719 1464 urbe,
750 1378 874 1464 domu,
901 1375 1100 1474 penatibus,
1135 1375 1227 1462 for0,
1252 1377 1345 1462 luce,

367 1507 393 1544 “
411 1499 596 1595 congreffu
619 1495 823 1594 aequalium
847 1495 1081 1594 prohibitum,
1107 1494 1145 1568 in
1167 1520 1259 1594 opus
1281 1493 1345 1568 ser·

369 1627 394 1664 “
411 1617 496 1704 vile,
526 1642 636 1715 prope
666 1616 704 1690 in
731 1605 905 1692 carcerem
928 1637 1034 1714 atque
1056 1615 1095 1690 in
1118 1615 1345 1716 ergastulum,

278 1769 282 1776 ’
368 1745 394 1784 “
412 1735 571 1811 dederit=
589 1735 654 1811 ubi
664 1735 805 1810 summo
816 1738 896 1810 loco
911 1737 1012 1813 natus
1027 1735 1233 1815 ditlatorius
1242 1735 1345 1830 juve-

369 1854 469 1931 “nis
491 1855 700 1954 quotidiana
722 1855 860 1934 miseria
882 1855 1041 1944 disceret,
1065 1883 1145 1930 vere
1162 1852 1349 1954 imperioso

370 1987 396 2023 ‘⁸
415 1997 512 2075 patre
529 1976 563 2050 se
576 1999 700 2050 natum
714 1977 792 2052 effe.
843 1980 895 2050 At
904 2001 1014 2074 quam
1024 1978 1072 2051 ob
1088 2000 1220 2055 noxam
1234 1978 1248 2048 ?
1266 1974 1351 2073 quia

369 2093 639 2171 “infacundior
671 2100 723 2183 fit,
753 2100 788 2169 a
815 2095 938 2194 lingua
968 2095 1178 2193 inpromtus.
1237 2097 1351 2197 Qrod

369 2227 396 2268 ‘⁶
414 2235 556 2289 naturae
583 2215 756 2291 damnum
778 2236 899 2292 utrum
926 2216 1158 2294 nutriendum
1179 2214 1282 2314 patri,
1313 2218 1351 2312 (li

369 2345 395 2386 ⁸⁴
413 2334 614 2431 quidquam
642 2331 681 2406 in
702 2360 745 2408 eo
760 2335 908 2410 humani
928 2338 1024 2430 effet)
1041 2363 1085 2412 an
1103 2335 1348 2436 castigandum

370 2463 396 2496 “
414 2477 456 2528 ac
469 2451 657 2526 vexatione
677 2453 809 2552 insigne
825 2453 1029 2530 faciendum
1049 2455 1176 2536 fuine?
1208 2483 1253 2530 ne
1269 2482 1349 2530 mu·

371 2583 398 2619 “
416 2593 467 2647 tas
479 2569 629 2671 quidem
647 2572 771 2648 bestias
783 2573 903 2656 minus
916 2579 1005 2658 alere
1021 2575 1204 2663 acfovere,
1222 2575 1352 2674 liquid

360 2704 398 2742 '“
416 2719 462 2767 ex
474 2690 643 2791 progenie
661 2691 721 2767 sua
734 2719 859 2793 parum
874 2693 1076 2794 prosperum
1087 2699 1136 2770 srt.
1176 2699 1241 2783 At,
1257 2697 1352 2770 Her-

371 2824 398 2870 r‘
416 2815 510 2900 cule,
528 2815 575 2894 L.
589 2811 784 2902 Manlium,
807 2817 940 2892 malum
957 2817 1052 2898 malo
1067 2840 1194 2913 augere
1211 2812 1290 2902 lilii,
1317 2817 1353 2889 δι

372 2931 617 3008 “tarditatem
638 2931 773 3032 ingenii
793 2931 934 3031 insuper
946 2959 1127 3030 premere,
1159 2933 1355 3032 &,s1quid

374 3063 400 3097 “
419 3052 457 3126 in
486 3078 530 3126 eo
559 3050 740 3150 exiguum
757 3053 922 3133 naturalis
939 3052 1068 3153 vigoris
1086 3057 1137 3142 srt,
1165 3053 1205 3128 id
1224 3053 1354 3130 exstin-

375 3183 401 3217 “
419 3197 528 3272 guero
544 3170 618 3245 vita
633 3171 757 3270 agresti
775 3177 809 3246 a
825 3171 955 3248 rustico
968 3175 1082 3261 cultu,
1100 3173 1191 3256 inter
1200 3175 1355 3274 pecudes

374 3303 401 3345 ‘-‘
418 3293 617 3367 habendo.'’

424 3413 470 3483 V.
501 3407 679 3482 Omnium
696 3409 814 3507 potius
832 3411 886 3486 his
899 3412 1220 3502 criminationibus,
1245 3440 1355 3512 quam

375 3528 480 3629 ipsius
489 3527 645 3624 juvenis,
671 3528 825 3604 irritatus
847 3532 897 3606 est
918 3533 1078 3608 animus:
1110 3533 1200 3633 quin
1219 3555 1355 3622 contra,

376 3649 411 3724 se
436 3674 584 3748 quoque
606 3649 741 3745 parenti
760 3653 914 3728 cauffam
928 3651 1085 3742 invidiae
1108 3675 1215 3753 atque
1238 3651 1358 3730 crimi-

377 3796 467 3846 num
490 3771 570 3857 effe,
593 3794 695 3868 aegre
720 3771 849 3869 pallus,
879 3776 936 3868 (ut
951 3799 1075 3848 omnes
1100 3773 1165 3849 Dii
1182 3773 1359 3850 homines.

377 3916 450 3989 que
466 3889 606 3978 scirent,
632 3888 666 3963 se
683 3889 819 3988 parenti
836 3916 942 3990 opem
959 3895 1078 3983 latam,
1108 3919 1219 3992 quarn
1237 3894 1358 3970 inimi-

377 4009 430 4086 cis
449 4011 536 4107 ejus,
562 4012 682 4105 malle)
701 4011 796 4109 capit
813 4011 1010 4102 confilium,
1027 4013 1125 4090 rudis
1138 4013 1289 4113 quidem
1308 4036 1360 4088 at-
