3067 5342
429 711 660 784 Lrnen
718 709 799 783 VII.
1050 713 1115 808 189

137 885 308 958 Inmunes
324 909 469 982 quoque
481 908 632 982 operum
644 880 850 956 militarium
865 899 974 968 erant,
1001 902 1056 968 ut,
1080 881 1118 956 in

137 1031 255 1078 unum
274 1029 414 1103 pugnae
429 1005 584 1079 laborem
605 1001 775 1089 reservati,
798 1003 878 1099 plus
901 1000 977 1088 fibi,
1009 1029 1118 1101 quam

135 1149 202 1224 pro
228 1123 321 1198 virili
346 1145 455 1223 parte,
487 1122 724 1197 adnitendum
739 1119 877 1196 scirent.
928 1124 1038 1198 Extra
1063 1153 1118 1200 or-

136 1244 264 1318 dinem
274 1243 380 1318 etiarn
397 1243 435 1318 in
451 1243 525 1317 acie
542 1241 661 1330 locati,
684 1267 760 1340 quo
777 1239 995 1338 conspestior
1009 1240 1120 1322 virtus

137 1366 233 1438 esset.
283 1365 412 1439 Dus'nn
424 1361 578 1438 millium
592 1361 760 1460 planicies
776 1361 883 1436 castra
896 1363 1061 1438 Romana
1075 1370 1121 1442 ab

137 1481 312 1558 Hernicis
328 1481 534 1558 dirimebatt
565 1482 616 1557 ibi
633 1482 707 1580 pari
724 1481 833 1557 ferme
848 1480 1029 1580 utrimque
1047 1483 1120 1584 spa·

137 1603 191 1678 tio
215 1602 255 1678 in
276 1603 398 1677 medio
420 1623 619 1702 pugnaturn
642 1603 702 1677 esb
752 1600 874 1677 Primo
900 1601 994 1676 stetit
1009 1606 1122 1680 ambi·

140 1751 215 1825 gua
229 1724 289 1822 spe
312 1749 452 1823 pugna,
486 1722 731 1822 nequidquam
746 1721 845 1822 saepe
863 1722 997 1797 conatis
1021 1725 1121 1823 equi·

140 1845 240 1921 tibus
268 1843 444 1918 Romanis
477 1842 600 1940 inpetu
633 1845 771 1917 turbare
809 1841 965 1916 hostium
997 1844 1122 1921 aciem.

141 1965 336 2064 Postquam
352 1961 521 2062 equestris
549 1987 671 2062 pugna
691 1963 833 2048 effesiu,
863 1987 972 2059 quam
989 1965 1122 2040 conati-

142 2086 227 2172 bus,
259 2083 383 2158 vanior
405 2101 476 2156 erat
483 2115 495 2170 ;
530 2081 690 2156 consulto
712 2080 808 2179 prius
831 2080 1000 2157 distatore
1022 2085 1124 2184 equi-

142 2225 210 2292 tes,
236 2202 402 2302 permiffu
421 2200 551 2276 deinde
568 2203 655 2297 ejus,
685 2199 813 2274 relidis
833 2199 947 2300 equis,
972 2204 1124 2280 clamore

144 2320 283 2423 ingenti
296 2324 482 2420 provolant
504 2342 585 2395 ante
599 2323 706 2418 signa,
739 2324 773 2393 ὅτ
798 2346 928 2394 novam
952 2321 1127 2423 integrant

145 2469 318 2544 pugnam.
366 2441 504 2541 Neque
522 2437 680 2515 sustineri
706 2459 879 2536 poterant,
913 2439 950 2513 ni
974 2465 1125 2520 extraor-

145 2563 302 2637 dinariae
331 2564 492 2637 cohortes
523 2559 597 2658 pari
630 2585 821 2656 corporum
852 2559 1125 2664 animorumque

146 2685 272 2758 robore
288 2681 323 2756 se
339 2680 552 2778 objecissent.

200 2803 301 2876 VIII.
325 2803 362 2875 T
361 2826 435 2875 unc
455 2799 546 2875 inter
561 2797 730 2897 primores
744 2800 900 2872 duorum
909 2803 1127 2897 populorum

148 2946 202 2996 res
219 2920 362 3020 geritur.
411 2917 607 3021 Qridquid
629 2918 715 2993 hine
731 2939 794 2992 aut
811 2917 908 2993 illinc
925 2923 1128 2998 communis

149 3044 251 3115 Mars
273 3039 359 3114 belli
381 3037 506 3126 aufert,
532 3036 733 3136 multiplex,
757 3064 865 3137 quam
881 3065 946 3136 pro
965 3065 1128 3132 numero,

150 3161 324 3234 dmnnum
345 3157 411 3232 est:
434 3160 575 3256 *vulgus
588 3157 689 3233 aliud
704 3179 930 3248 armatorum,
952 3163 1051 3234 velut
1067 3163 1128 3236 de·

151 3282 266 3379 legata
290 3277 504 3377 primoribus
521 3303 655 3376 pugna,
686 3298 856 3351 eventum
873 3276 976 3351 suum
996 3277 1034 3352 in
1062 3281 1130 3355 vir·

153 3421 228 3475 tute
245 3399 358 3473 aliena
374 3399 486 3497 ponit.
535 3397 650 3472 Multi
672 3397 856 3497 utrimque
875 3399 1022 3486 cadunt,
1053 3401 1130 3498 plu·

154 3545 205 3594 res
220 3521 367 3594 vulnera
387 3517 579 3617 accipiunt.
628 3519 795 3592 Tandem
813 3519 949 3618 equites
965 3517 1053 3592 alius
1069 3521 1131 3595 ali-

154 3665 218 3713 um
240 3639 471 3737 increpantes,
506 3648 531 3681 ‘⁴
553 3635 645 3735 quid
667 3635 798 3712 deinde
825 3637 998 3726 restaret,'’
1024 3665 1132 3737 quae·

158 3761 279 3847 rendo,
310 3761 378 3832 “si
407 3782 525 3855 neque
551 3783 597 3832 ex
626 3755 728 3855 equis
746 3756 957 3856 pepulissent
981 3744 1132 3849 hostem,

161 3887 318 3978 “neque
347 3876 483 3976 pedites
515 3875 717 3977 quidquam
750 3876 925 3951 momenti
954 3875 1132 3954 facerent?

164 4006 187 4040 ‘⁴
203 4024 310 4096 quam
326 3997 464 4072 tertiam
478 3995 715 4095 exspectarent
730 3997 913 4100 pugnarn?
943 3996 1035 4095 quid
1054 4021 1134 4073 ante

164 4125 187 4159 “
204 4121 297 4218 figna
318 4117 450 4194 feroces
477 4115 717 4216 prosiluissent,
744 4121 777 4192 δι
806 4116 921 4192 alieno
937 4141 1135 4218 pugnarent
