3067 5342
388 714 460 792 270
716 691 1029 765 T.L1v11

387 873 413 906 ‘⁸
431 861 500 936 sare
517 860 688 951 censeam,
699 863 790 964 quin
803 861 1024 961 disciplinam
1038 860 1240 950 militarem,
1260 865 1365 962 culpa

386 992 413 1025 “
429 1003 490 1058 tua
501 982 708 1080 prolapsam,
721 1009 835 1080 poena
850 983 1016 1058 restituas.
1064 984 1095 1070 Ι,
1115 981 1230 1070 Ῑίἂοῐ,
1248 982 1366 1082 deliga

388 1111 413 1146 ‘⁶
432 1103 478 1175 ad
500 1103 656 1200 palum.”
707 1103 910 1178 Exanimati
929 1129 1051 1177 omues
1070 1123 1144 1176 tam
1165 1101 1275 1176 atroci
1297 1100 1365 1175 im·

386 1219 498 1318 peri0,
530 1249 594 1298 nec
618 1221 716 1296 aliter
736 1247 848 1322 quam
875 1220 969 1296 inse
995 1221 1144 1321 quisque
1166 1220 1365 1296 destristam

387 1361 565 1416 cernentes
587 1339 748 1430 securim,
779 1365 877 1416 metu
897 1341 1021 1442 nugis,
1051 1368 1160 1441 quam
1181 1341 1364 1429 modestia,

387 1457 562 1557 quievere.
612 1463 749 1560 Itaque,
777 1464 877 1536 velut
901 1461 1032 1537 emerso
1061 1465 1108 1537 ab
1134 1459 1365 1535 admiratione

387 1576 521 1668 animo,
555 1605 669 1678 quum
698 1579 832 1656 srlentio
855 1580 965 1656 defixi
988 1581 1179 1669 stetiffent3
1208 1601 1364 1679 repente,

387 1697 573 1798 postquam
587 1699 723 1776 cervice
740 1699 835 1776 caesa
850 1698 946 1774 susus
961 1700 1010 1774 est
1024 1725 1140 1789 cruor,
1160 1721 1240 1774 tum
1253 1701 1366 1775 libero

388 1818 583 1916 conquestu
602 1841 740 1896 coortae
755 1846 860 1894 voces
880 1819 973 1906 sunt,
999 1841 1040 1893 ut
1056 1846 1173 1918 neque
1189 1819 1365 1908 lamentis,

388 1961 505 2034 neque
522 1935 817 2015 exsecrationibus
830 1959 1046 2038 parceretur:
1077 1937 1264 2038 spoliisque
1279 1965 1366 2014 con-

388 2057 521 2132 tedium
529 2057 669 2152 juvenis
679 2083 819 2156 corpus,
836 2080 1011 2156 quantum
1024 2057 1233 2134 militaribus
1242 2057 1365 2133 studiis

388 2175 496 2250 funus
512 2178 626 2250 ullum
644 2177 877 2252 concelebrari
894 2178 1018 2276 potest,
1038 2178 1168 2252 structo
1183 2199 1281 2251 extra
1294 2180 1366 2250 val·

386 2296 463 2368 lum
480 2321 566 2394 rogo
584 2318 812 2370 cremaretur:
839 2295 1094 2393 Manlianaque
1120 2296 1268 2396 imperia
1291 2322 1366 2371 non

388 2413 426 2487 in
449 2412 638 2512 praesentia
659 2416 770 2489 modo
791 2417 976 2504 horrenda,
1001 2414 1062 2489 scd
1084 2415 1237 2514 exempli
1258 2415 1365 2490 etiarn

388 2533 491 2608 tristis
509 2534 546 2608 in
563 2532 739 2632 posterum
756 2536 874 2608 essent.

439 2655 537 2728 VIII.
564 2651 664 2728 Fecit
686 2673 804 2727 tamen
819 2652 979 2728 atrocitas
995 2681 1128 2752 poenae
1145 2653 1365 2728 obedientio-

388 2797 462 2847 rem
479 2771 563 2847 duci
582 2771 753 2847 militem:
790 2778 838 2861 ἃ,
864 2797 1109 2872 praeterquam
1127 2775 1230 2870 quod
1250 2774 1365 2848 custo-

389 2891 468 2966 diae
494 2891 754 2990 vigiliaeque&
767 2893 857 2966 ordo
873 2891 1063 2968 stationum
1077 2893 1274 2968 intentioris
1285 2894 1365 2969 ubi·

388 3037 459 3110 que
474 3037 576 3085 curae
591 3031 700 3100 erant,
714 3011 752 3085 in
765 3011 893 3086 ultimo
909 3012 1014 3086 etiam
1031 3013 1233 3103 certamine,
1251 3040 1366 3113 quum

388 3129 594 3206 descensum
611 3130 648 3204 in
662 3130 776 3206 aciem
792 3131 853 3220 est,
868 3159 910 3206 ea
925 3131 1083 3207 severitas
1096 3132 1240 3231 profuit.
1281 3131 1366 3207 Fuit

388 3273 506 3324 autern
531 3249 626 3326 civili
654 3249 809 3325 maxime
833 3251 927 3325 bello
943 3277 1066 3351 pugna
1080 3251 1209 3327 fimilis.
1259 3253 1364 3326 Adeo

387 3370 478 3445 nihil
494 3373 591 3469 apud
607 3369 754 3446 Latinos
768 3370 946 3444 dissonum
960 3374 1006 3444 ab
1021 3374 1188 3446 Romana
1200 3397 1250 3459 re,
1267 3397 1363 3470 prae·

389 3511 441 3564 ter
457 3490 605 3578 animos,
632 3511 713 3564 erat.
763 3489 896 3587 Clipeis
912 3513 1013 3566 antea
1031 3491 1188 3565 Romani
1204 3495 1254 3566 uli
1271 3489 1365 3566 sunt:

389 3609 532 3696 deinde,
550 3609 736 3708 postquam
753 3608 966 3707 stipendiarii
980 3608 1062 3684 fadi
1078 3609 1172 3699 sunt,
1194 3609 1292 3685 scuta
1302 3636 1366 3708 pro

389 3729 511 3828 clipeis
537 3728 670 3803 secere:
701 3733 749 3816 &,
780 3731 881 3826 quod
906 3751 1008 3805 antea
1032 3732 1221 3829 phalanges
1242 3729 1366 3804 srmiles

387 3849 647 3939 Macedonicis,
691 3852 760 3924 hoc
799 3851 919 3949 postea
952 3851 1201 3951 manipulatim
1239 3849 1368 3926 musta

388 3971 480 4046 acies
513 3968 631 4066 coepit
660 3970 737 4043 else.
804 3970 985 4044 Postremo
1014 3971 1053 4046 in
1081 3975 1197 4071 plures
1225 3970 1366 4046 ordines

388 4089 657 4185 imbuebantur·
719 4089 820 4163 Ordo
858 4089 1046 4189 sexagenos
1085 4091 1228 4182 milites,
1275 4093 1366 4166 duos
