3067 5342
423 844 936 934 TITILIVII

290 1056 1051 1158 PATAVINI

451 1291 605 1366 LIBER
639 1295 905 1368 SEPTIMUS.

180 1392 400 1540 lAssus
411 1460 470 1536 hic
483 1462 549 1534 erit
561 1462 701 1560 insignis
711 1461 795 1536 novi
805 1458 1160 1548 hominisconsulatu,

182 1581 322 1680 insignis
343 1581 445 1655 novis
471 1583 614 1655 duobus
643 1581 915 1682 magistratibus,
943 1601 1102 1678 praetura
1125 1583 1159 1652 &

181 1703 298 1777 curuli
331 1700 518 1776 aedilitate.
583 1703 665 1775 Hos
696 1701 759 1774 fibi
791 1701 927 1799 patricii
961 1703 1157 1798 quaesivere

179 1825 330 1898 honores
344 1848 408 1919 pro
421 1822 580 1896 concesso
591 1820 687 1918 plebi
701 1822 809 1894 altero
822 1819 1001 1895 consulatu
1019 1820 1155 1895 Plebes.

178 1943 412 2020 Consulatum
429 1943 475 2014 L.
493 1939 626 2028 Sextio,
644 1941 745 2035 cujus
761 1941 838 2040 lege
855 1961 973 2038 partus
987 1959 1070 2026 erat,
1094 1939 1155 2012 de-

177 2063 252 2138 dit:
273 2065 394 2137 Patres
406 2080 602 2158 praeturam
621 2062 680 2156 Sp.
697 2058 807 2133 Furio
823 2061 880 2132 M.
894 2057 969 2132 filio
982 2057 1154 2145 Camillo,

178 2182 396 2257 aedilitatem
418 2183 486 2255 Cn.
503 2180 676 2280 Qrinslio
691 2179 894 2276 Capitolino
912 2183 946 2253 &
964 2181 1004 2252 Ρ.
1022 2180 1154 2252 Corne-

176 2301 226 2376 lio
252 2299 424 2399 Scipioni,
455 2298 595 2374 suarum
621 2297 781 2397 gentium
801 2297 896 2387 viris,
927 2297 1037 2398 gratia
1059 2325 1153 2373 cam·

175 2418 281 2519 pestn‘
308 2439 488 2517 cepemnt.
538 2421 585 2492 L.
608 2418 729 2492 Sextio
758 2420 894 2517 collega
919 2444 964 2492 ex
991 2417 1153 2492 Patribus

176 2541 280 2614 datus
297 2541 344 2612 L.
363 2537 540 2612 Aemilius
557 2538 814 2613 Mamercinus.
872 2535 1053 2634 Principio
1069 2535 1153 2610 anni

173 2663 208 2733 dt
225 2660 272 2732 de
288 2657 413 2746 Gallis,
430 2683 521 2756 quos
537 2657 653 2756 primo
667 2659 797 2755 palatos
806 2683 868 2755 pet
883 2655 1055 2752 Apuliam
1066 2683 1150 2731 con·

174 2776 310 2877 gregari
321 2777 397 2872 jatn
410 2775 504 2849 sama
516 2797 600 2864 erat,
616 2778 706 2850 &de
719 2776 964 2851 Hernicorum
980 2773 1148 2850 defedio·

171 2923 216 2972 ne
230 2895 360 2994 agitata
375 2895 520 2969 mentio.
570 2902 698 2997 Qrum
714 2899 759 2970 de
771 2895 941 2970 industria
953 2896 1085 2984 omnia,
1104 2923 1148 2971 ne

171 3014 263 3112 quid
285 3039 348 3112 per
360 3015 539 3112 plebejum
557 3014 736 3090 consulem
761 3025 933 3114 ageretur,
956 3015 1148 3114 proferren-

169 3157 241 3223 tur,
275 3134 450 3208 filentium
474 3133 639 3208 omnium
668 3161 784 3209 rerum
808 3162 847 3210 ac
867 3134 1004 3231 justitio
1037 3135 1146 3209 srmile

168 3254 286 3328 otium
308 3252 398 3328 suit:
422 3253 484 3326 nisr
511 3255 625 3352 quod,
653 3280 726 3327 non
752 3254 967 3352 patientibus
995 3255 1143 3330 taciturn
1257 3279 1261 3288 ·

168 3373 334 3460 tribunis,
355 3373 455 3471 quod
479 3398 544 3469 pro
568 3371 710 3447 consule
738 3398 813 3446 uno
835 3375 973 3473 plebejo
995 3397 1062 3450 tres
1084 3401 1143 3474 pa-

169 3492 287 3568 tricios
316 3491 547 3590 magistratus,
579 3491 764 3566 cumlibus
796 3491 884 3566 sellis
914 3515 1145 3592 praetextatos

166 3633 352 3710 tamquam
364 3609 523 3684 consules
533 3609 701 3699 sedentes,
716 3611 880 3686 nobilitas
890 3613 952 3687 fibi
967 3613 1144 3702 sumsisset,

169 3753 362 3831 praetorem
378 3729 527 3827 quidem
545 3729 650 3802 etiam
666 3731 747 3825 jura
763 3733 983 3819 reddentem,
1014 3736 1048 3806 &
1071 3735 1143 3808 col·

169 3853 283 3952 legam
297 3849 514 3938 consulibus,
530 3871 637 3950 atque
655 3849 779 3925 iisdem
794 3848 956 3947 auspiciis
972 3871 1142 3939 creatum,

169 3967 382 4043 verecundia
406 3967 491 4042 inde
513 3966 660 4065 inposita
685 3967 735 4042 est
760 3967 892 4042 senatui
915 3994 959 4041 ex
982 3970 1144 4045 Patribus

164 4087 314 4183 jubendi
328 4077 458 4161 aediles
474 4088 612 4161 curules
629 4085 748 4162 creari.
798 4087 933 4175 Primo,
949 4111 991 4163 ut
1007 4091 1146 4166 alternis
