<?xml version="1.0" encoding="UTF-8"?>
<!DOCTYPE html PUBLIC "-//W3C//DTD XHTML 1.0 Transitional//EN"
    "http://www.w3.org/TR/xhtml1/DTD/xhtml1-transitional.dtd">
<html xmlns="http://www.w3.org/1999/xhtml" xml:lang="en" lang="en">
 <head>
  <title>
</title>
<meta http-equiv="Content-Type" content="text/html;charset=utf-8" />
  <meta name='ocr-system' content='tesseract 3.04.00' />
  <meta name='ocr-capabilities' content='ocr_page ocr_carea ocr_par ocr_line ocrx_word'/>
</head>
<body>
  <div class='ocr_page' id='page_1' title='image "./tliviipatavinih00homegoog_0345.png"; bbox 0 0 3067 5342; ppageno 0'>
   <div class='ocr_carea' id='block_1_1' title="bbox 462 743 1143 845">
    <p class='ocr_par' dir='ltr' id='par_1_1' title="bbox 462 743 1143 845">
     <span class='ocr_line' id='line_1_1' title="bbox 462 743 1143 845; baseline 0.003 -29"><span class='ocrx_word' id='word_1_1' title='bbox 462 743 811 818; x_wconf 62' lang='lat' dir='ltr'><strong>LrnnnIX</strong></span> <span class='ocrx_word' id='word_1_2' title='bbox 1073 769 1143 845; x_wconf 53' lang='grc' dir='ltr'><strong>ῃ]</strong></span> 
     </span>
    </p>
   </div>
   <div class='ocr_carea' id='block_1_2' title="bbox 156 915 1145 4131">
    <p class='ocr_par' dir='ltr' id='par_1_2' title="bbox 156 915 1145 4131">
     <span class='ocr_line' id='line_1_2' title="bbox 161 915 1145 1019; baseline 0.004 -30"><span class='ocrx_word' id='word_1_3' title='bbox 161 923 188 958; x_wconf 87' lang='grc'><strong>“</strong></span> <span class='ocrx_word' id='word_1_4' title='bbox 207 941 307 1003; x_wconf 81' lang='lat' dir='ltr'><strong>mur;</strong></span> <span class='ocrx_word' id='word_1_5' title='bbox 332 915 453 992; x_wconf 86' lang='lat' dir='ltr'><strong>omnia</strong></span> <span class='ocrx_word' id='word_1_6' title='bbox 468 944 581 1019; x_wconf 84' lang='lat' dir='ltr'><strong>aequa</strong></span> <span class='ocrx_word' id='word_1_7' title='bbox 597 925 631 994; x_wconf 80' lang='lat' dir='ltr'><strong>lle</strong></span> <span class='ocrx_word' id='word_1_8' title='bbox 648 922 750 1017; x_wconf 92' lang='lat' dir='ltr'><strong>plana</strong></span> <span class='ocrx_word' id='word_1_9' title='bbox 773 940 877 995; x_wconf 90' lang='lat' dir='ltr'><strong>erunt</strong></span> <span class='ocrx_word' id='word_1_10' title='bbox 901 920 1082 1007; x_wconf 87' lang='lat' dir='ltr'><strong>Romano,</strong></span> <span class='ocrx_word' id='word_1_11' title='bbox 1108 918 1145 993; x_wconf 93' lang='lat' dir='ltr'><strong>in</strong></span> 
     </span>
     <span class='ocr_line' id='line_1_3' title="bbox 160 1037 1143 1142; baseline 0.005 -34"><span class='ocrx_word' id='word_1_12' title='bbox 160 1044 186 1078; x_wconf 91' lang='lat'><strong>“</strong></span> <span class='ocrx_word' id='word_1_13' title='bbox 204 1037 383 1134; x_wconf 84' lang='lat' dir='ltr'><strong>perfidum</strong></span> <span class='ocrx_word' id='word_1_14' title='bbox 400 1039 594 1114; x_wconf 81' lang='lat' dir='ltr'><strong>Samnitem</strong></span> <span class='ocrx_word' id='word_1_15' title='bbox 611 1040 821 1138; x_wconf 87' lang='lat' dir='ltr'><strong>pugnanti.&#39;&#39;</strong></span> <span class='ocrx_word' id='word_1_16' title='bbox 859 1038 977 1128; x_wconf 88' lang='lat' dir='ltr'><strong>Alius,</strong></span> <span class='ocrx_word' id='word_1_17' title='bbox 1003 1051 1028 1083; x_wconf 91' lang='lat'><strong>“</strong></span> <span class='ocrx_word' id='word_1_18' title='bbox 1043 1045 1143 1142; x_wconf 79' lang='lat' dir='ltr'><strong>Qm,</strong></span> 
     </span>
     <span class='ocr_line' id='line_1_4' title="bbox 161 1158 1143 1254; baseline 0.004 -24"><span class='ocrx_word' id='word_1_19' title='bbox 161 1164 187 1197; x_wconf 78' lang='lat'><strong>‘⁶</strong></span> <span class='ocrx_word' id='word_1_20' title='bbox 203 1177 266 1230; x_wconf 88' lang='lat' dir='ltr'><strong>aut</strong></span> <span class='ocrx_word' id='word_1_21' title='bbox 296 1163 534 1254; x_wconf 86' lang='lat' dir='ltr'><strong>quaeamus?</strong></span> <span class='ocrx_word' id='word_1_22' title='bbox 598 1163 701 1234; x_wconf 89' lang='lat' dir='ltr'><strong>Num</strong></span> <span class='ocrx_word' id='word_1_23' title='bbox 737 1181 876 1234; x_wconf 90' lang='lat' dir='ltr'><strong>montes</strong></span> <span class='ocrx_word' id='word_1_24' title='bbox 915 1158 1031 1233; x_wconf 91' lang='lat' dir='ltr'><strong>moliri</strong></span> <span class='ocrx_word' id='word_1_25' title='bbox 1062 1159 1143 1234; x_wconf 88' lang='lat' dir='ltr'><strong>sede</strong></span> 
     </span>
     <span class='ocr_line' id='line_1_5' title="bbox 162 1273 1145 1380; baseline 0.006 -32"><span class='ocrx_word' id='word_1_26' title='bbox 162 1273 267 1350; x_wconf 86' lang='lat' dir='ltr'><strong>“sua</strong></span> <span class='ocrx_word' id='word_1_27' title='bbox 293 1281 480 1374; x_wconf 86' lang='lat' dir='ltr'><strong>paramus?</strong></span> <span class='ocrx_word' id='word_1_28' title='bbox 541 1281 643 1353; x_wconf 88' lang='lat' dir='ltr'><strong>Dum</strong></span> <span class='ocrx_word' id='word_1_29' title='bbox 674 1282 760 1354; x_wconf 87' lang='lat' dir='ltr'><strong>haec</strong></span> <span class='ocrx_word' id='word_1_30' title='bbox 792 1278 1021 1353; x_wconf 90' lang='lat' dir='ltr'><strong>inminebunt</strong></span> <span class='ocrx_word' id='word_1_31' title='bbox 1042 1280 1145 1380; x_wconf 87' lang='lat' dir='ltr'><strong>juga,</strong></span> 
     </span>
     <span class='ocr_line' id='line_1_6' title="bbox 161 1397 1144 1492; baseline 0.007 -25"><span class='ocrx_word' id='word_1_32' title='bbox 161 1397 742 1492; x_wconf 55' lang='lat' dir='ltr'><strong>“mumadmfflmwmm</strong></span> <span class='ocrx_word' id='word_1_33' title='bbox 802 1398 1144 1489; x_wconf 47' lang='lat' dir='ltr'><strong>Ammdmmm</strong></span> 
     </span>
     <span class='ocr_line' id='line_1_7' title="bbox 161 1514 1144 1616; baseline 0.005 -27"><span class='ocrx_word' id='word_1_34' title='bbox 161 1524 188 1558; x_wconf 92' lang='lat'><strong>“</strong></span> <span class='ocrx_word' id='word_1_35' title='bbox 205 1514 325 1604; x_wconf 90' lang='lat' dir='ltr'><strong>fortes,</strong></span> <span class='ocrx_word' id='word_1_36' title='bbox 348 1516 480 1616; x_wconf 87' lang='lat' dir='ltr'><strong>ignavi,</strong></span> <span class='ocrx_word' id='word_1_37' title='bbox 507 1517 635 1616; x_wconf 87' lang='lat' dir='ltr'><strong>pariter</strong></span> <span class='ocrx_word' id='word_1_38' title='bbox 656 1545 780 1593; x_wconf 90' lang='lat' dir='ltr'><strong>omnes</strong></span> <span class='ocrx_word' id='word_1_39' title='bbox 804 1518 897 1616; x_wconf 87' lang='lat' dir='ltr'><strong>capti</strong></span> <span class='ocrx_word' id='word_1_40' title='bbox 923 1539 1030 1616; x_wconf 88' lang='lat' dir='ltr'><strong>atque</strong></span> <span class='ocrx_word' id='word_1_41' title='bbox 1057 1519 1144 1594; x_wconf 75' lang='lat' dir='ltr'><strong>vieti</strong></span> 
     </span>
     <span class='ocr_line' id='line_1_8' title="bbox 160 1634 1142 1737; baseline 0.002 -27"><span class='ocrx_word' id='word_1_42' title='bbox 160 1644 186 1678; x_wconf 93' lang='lat'><strong>“</strong></span> <span class='ocrx_word' id='word_1_43' title='bbox 205 1634 337 1712; x_wconf 89' lang='lat' dir='ltr'><strong>sumus.</strong></span> <span class='ocrx_word' id='word_1_44' title='bbox 387 1639 446 1711; x_wconf 90' lang='lat' dir='ltr'><strong>Ne</strong></span> <span class='ocrx_word' id='word_1_45' title='bbox 473 1637 604 1713; x_wconf 82' lang='lat' dir='ltr'><strong>sermm</strong></span> <span class='ocrx_word' id='word_1_46' title='bbox 634 1639 784 1737; x_wconf 89' lang='lat' dir='ltr'><strong>quidem</strong></span> <span class='ocrx_word' id='word_1_47' title='bbox 806 1640 853 1712; x_wconf 89' lang='lat' dir='ltr'><strong>ad</strong></span> <span class='ocrx_word' id='word_1_48' title='bbox 881 1642 972 1713; x_wconf 88' lang='lat' dir='ltr'><strong>bene</strong></span> <span class='ocrx_word' id='word_1_49' title='bbox 990 1639 1142 1714; x_wconf 89' lang='lat' dir='ltr'><strong>morien-</strong></span> 
     </span>
     <span class='ocr_line' id='line_1_9' title="bbox 161 1756 1142 1833; baseline 0.003 -4"><span class='ocrx_word' id='word_1_50' title='bbox 161 1757 295 1829; x_wconf 93' lang='lat' dir='ltr'><strong>“dum</strong></span> <span class='ocrx_word' id='word_1_51' title='bbox 323 1759 503 1833; x_wconf 87' lang='lat' dir='ltr'><strong>oblaturus</strong></span> <span class='ocrx_word' id='word_1_52' title='bbox 531 1759 580 1832; x_wconf 88' lang='lat' dir='ltr'><strong>est</strong></span> <span class='ocrx_word' id='word_1_53' title='bbox 603 1758 725 1832; x_wconf 91' lang='lat' dir='ltr'><strong>hostis:</strong></span> <span class='ocrx_word' id='word_1_54' title='bbox 751 1756 873 1832; x_wconf 89' lang='lat' dir='ltr'><strong>sedens</strong></span> <span class='ocrx_word' id='word_1_55' title='bbox 895 1761 1031 1833; x_wconf 92' lang='lat' dir='ltr'><strong>bellum</strong></span> <span class='ocrx_word' id='word_1_56' title='bbox 1057 1785 1142 1832; x_wconf 90' lang='lat' dir='ltr'><strong>con-</strong></span> 
     </span>
     <span class='ocr_line' id='line_1_10' title="bbox 159 1874 1141 1975; baseline 0.004 -28"><span class='ocrx_word' id='word_1_57' title='bbox 159 1885 185 1918; x_wconf 94' lang='lat'>“</span> <span class='ocrx_word' id='word_1_58' title='bbox 204 1874 335 1950; x_wconf 84' lang='lat' dir='ltr'><strong>ficiet.&#39;&#39;</strong></span> <span class='ocrx_word' id='word_1_59' title='bbox 384 1877 457 1951; x_wconf 91' lang='lat' dir='ltr'><strong>His</strong></span> <span class='ocrx_word' id='word_1_60' title='bbox 481 1877 519 1950; x_wconf 92' lang='lat' dir='ltr'><strong>in</strong></span> <span class='ocrx_word' id='word_1_61' title='bbox 543 1877 661 1952; x_wconf 90' lang='lat' dir='ltr'><strong>vicem</strong></span> <span class='ocrx_word' id='word_1_62' title='bbox 686 1877 919 1965; x_wconf 89' lang='lat' dir='ltr'>sermonibus,</span> <span class='ocrx_word' id='word_1_63' title='bbox 953 1904 1026 1975; x_wconf 87' lang='lat' dir='ltr'><strong>qua</strong></span> <span class='ocrx_word' id='word_1_64' title='bbox 1053 1877 1141 1966; x_wconf 90' lang='lat' dir='ltr'><strong>cibi,</strong></span> 
     </span>
     <span class='ocr_line' id='line_1_11' title="bbox 161 1995 1144 2094; baseline 0.005 -27"><span class='ocrx_word' id='word_1_65' title='bbox 161 2020 234 2092; x_wconf 87' lang='lat' dir='ltr'><strong>qua</strong></span> <span class='ocrx_word' id='word_1_66' title='bbox 272 1995 402 2094; x_wconf 89' lang='lat' dir='ltr'><strong>quietis</strong></span> <span class='ocrx_word' id='word_1_67' title='bbox 440 1996 628 2085; x_wconf 88' lang='lat' dir='ltr'><strong>inmemor,</strong></span> <span class='ocrx_word' id='word_1_68' title='bbox 665 2023 737 2071; x_wconf 86' lang='lat' dir='ltr'><strong>nox</strong></span> <span class='ocrx_word' id='word_1_69' title='bbox 777 1999 937 2072; x_wconf 67' lang='lat' dir='ltr'><strong>tradusta</strong></span> <span class='ocrx_word' id='word_1_70' title='bbox 971 1998 1034 2072; x_wconf 86' lang='lat' dir='ltr'><strong>est.</strong></span> <span class='ocrx_word' id='word_1_71' title='bbox 1084 1999 1144 2072; x_wconf 89' lang='lat' dir='ltr'><strong>Ne</strong></span> 
     </span>
     <span class='ocr_line' id='line_1_12' title="bbox 157 2114 1142 2215; baseline 0.002 -25"><span class='ocrx_word' id='word_1_72' title='bbox 157 2114 376 2191; x_wconf 81' lang='lat' dir='ltr'><strong>Samnitibus</strong></span> <span class='ocrx_word' id='word_1_73' title='bbox 393 2115 542 2215; x_wconf 89' lang='lat' dir='ltr'><strong>quidem</strong></span> <span class='ocrx_word' id='word_1_74' title='bbox 559 2116 743 2191; x_wconf 87' lang='lat' dir='ltr'><strong>confilium</strong></span> <span class='ocrx_word' id='word_1_75' title='bbox 770 2115 808 2191; x_wconf 96' lang='lat' dir='ltr'><strong>in</strong></span> <span class='ocrx_word' id='word_1_76' title='bbox 835 2139 906 2191; x_wconf 87' lang='lat' dir='ltr'><strong>tam</strong></span> <span class='ocrx_word' id='word_1_77' title='bbox 932 2117 1030 2192; x_wconf 85' lang='lat' dir='ltr'><strong>laetis</strong></span> <span class='ocrx_word' id='word_1_78' title='bbox 1059 2117 1142 2208; x_wconf 81' lang='lat' dir='ltr'><strong>sub·¹</strong></span> 
     </span>
     <span class='ocr_line' id='line_1_13' title="bbox 157 2234 1140 2334; baseline -0.001 -24"><span class='ocrx_word' id='word_1_79' title='bbox 157 2237 301 2334; x_wconf 84' lang='lat' dir='ltr'><strong>petebat</strong></span> <span class='ocrx_word' id='word_1_80' title='bbox 316 2238 431 2311; x_wconf 89' lang='lat' dir='ltr'><strong>rebus.</strong></span> <span class='ocrx_word' id='word_1_81' title='bbox 480 2237 604 2334; x_wconf 87' lang='lat' dir='ltr'><strong>Itaque</strong></span> <span class='ocrx_word' id='word_1_82' title='bbox 627 2234 777 2310; x_wconf 85' lang='lat' dir='ltr'><strong>universr</strong></span> <span class='ocrx_word' id='word_1_83' title='bbox 794 2237 1022 2311; x_wconf 87' lang='lat' dir='ltr'><strong>Herennium</strong></span> <span class='ocrx_word' id='word_1_84' title='bbox 1046 2240 1140 2310; x_wconf 91' lang='lat' dir='ltr'><strong>Pon-</strong></span> 
     </span>
     <span class='ocr_line' id='line_1_14' title="bbox 159 2354 1141 2454; baseline -0.002 -24"><span class='ocrx_word' id='word_1_85' title='bbox 159 2355 266 2444; x_wconf 91' lang='lat' dir='ltr'><strong>tium,</strong></span> <span class='ocrx_word' id='word_1_86' title='bbox 294 2377 429 2454; x_wconf 89' lang='lat' dir='ltr'><strong>patrem</strong></span> <span class='ocrx_word' id='word_1_87' title='bbox 463 2354 693 2454; x_wconf 88' lang='lat' dir='ltr'><strong>imperatoris,</strong></span> <span class='ocrx_word' id='word_1_88' title='bbox 727 2383 790 2453; x_wconf 89' lang='lat' dir='ltr'><strong>per</strong></span> <span class='ocrx_word' id='word_1_89' title='bbox 818 2355 932 2431; x_wconf 81' lang='lat' dir='ltr'><strong>literas</strong></span> <span class='ocrx_word' id='word_1_90' title='bbox 957 2355 1141 2432; x_wconf 88' lang='lat' dir='ltr'><strong>consulen-</strong></span> 
     </span>
     <span class='ocr_line' id='line_1_15' title="bbox 159 2475 1142 2574; baseline -0.001 -24"><span class='ocrx_word' id='word_1_91' title='bbox 159 2478 250 2550; x_wconf 93' lang='lat' dir='ltr'><strong>dum</strong></span> <span class='ocrx_word' id='word_1_92' title='bbox 277 2475 429 2551; x_wconf 87' lang='lat' dir='ltr'><strong>censent.</strong></span> <span class='ocrx_word' id='word_1_93' title='bbox 479 2479 562 2572; x_wconf 88' lang='lat' dir='ltr'><strong>Jam</strong></span> <span class='ocrx_word' id='word_1_94' title='bbox 585 2475 614 2549; x_wconf 88' lang='lat' dir='ltr'><strong>is</strong></span> <span class='ocrx_word' id='word_1_95' title='bbox 648 2475 761 2574; x_wconf 85' lang='lat' dir='ltr'><strong>gravis</strong></span> <span class='ocrx_word' id='word_1_96' title='bbox 788 2477 888 2550; x_wconf 87' lang='lat' dir='ltr'><strong>annis</strong></span> <span class='ocrx_word' id='word_1_97' title='bbox 915 2503 988 2551; x_wconf 92' lang='lat' dir='ltr'><strong>non</strong></span> <span class='ocrx_word' id='word_1_98' title='bbox 1013 2476 1142 2550; x_wconf 88' lang='lat' dir='ltr'><strong>milita·</strong></span> 
     </span>
     <span class='ocr_line' id='line_1_16' title="bbox 158 2593 1144 2694; baseline 0 -26"><span class='ocrx_word' id='word_1_99' title='bbox 158 2594 256 2669; x_wconf 88' lang='lat' dir='ltr'><strong>ribus</strong></span> <span class='ocrx_word' id='word_1_100' title='bbox 288 2595 415 2684; x_wconf 92' lang='lat' dir='ltr'><strong>solum,</strong></span> <span class='ocrx_word' id='word_1_101' title='bbox 449 2593 509 2672; x_wconf 87' lang='lat' dir='ltr'><strong>sed</strong></span> <span class='ocrx_word' id='word_1_102' title='bbox 549 2595 714 2671; x_wconf 87' lang='lat' dir='ltr'><strong>civilibus</strong></span> <span class='ocrx_word' id='word_1_103' title='bbox 752 2621 913 2694; x_wconf 89' lang='lat' dir='ltr'><strong>quoque,</strong></span> <span class='ocrx_word' id='word_1_104' title='bbox 944 2594 1144 2672; x_wconf 82' lang='lat' dir='ltr'><strong>abscesserat</strong></span> 
     </span>
     <span class='ocr_line' id='line_1_17' title="bbox 160 2712 1144 2814; baseline -0.004 -25"><span class='ocrx_word' id='word_1_105' title='bbox 160 2714 384 2790; x_wconf 87' lang='lat' dir='ltr'><strong>muneribus:</strong></span> <span class='ocrx_word' id='word_1_106' title='bbox 420 2714 458 2789; x_wconf 92' lang='lat' dir='ltr'><strong>in</strong></span> <span class='ocrx_word' id='word_1_107' title='bbox 475 2741 619 2814; x_wconf 89' lang='lat' dir='ltr'><strong>corpore</strong></span> <span class='ocrx_word' id='word_1_108' title='bbox 633 2737 750 2790; x_wconf 88' lang='lat' dir='ltr'><strong>tamen</strong></span> <span class='ocrx_word' id='word_1_109' title='bbox 765 2715 903 2790; x_wconf 68' lang='lat' dir='ltr'><strong>adfeslo</strong></span> <span class='ocrx_word' id='word_1_110' title='bbox 925 2714 1069 2813; x_wconf 86' lang='lat' dir='ltr'><strong>vigebat</strong></span> <span class='ocrx_word' id='word_1_111' title='bbox 1089 2712 1144 2786; x_wconf 88' lang='lat' dir='ltr'><strong>vis</strong></span> 
     </span>
     <span class='ocr_line' id='line_1_18' title="bbox 157 2833 1141 2934; baseline -0.002 -26"><span class='ocrx_word' id='word_1_112' title='bbox 157 2834 268 2908; x_wconf 85' lang='lat' dir='ltr'><strong>animi</strong></span> <span class='ocrx_word' id='word_1_113' title='bbox 303 2834 519 2934; x_wconf 79' lang='lat' dir='ltr'><strong>consiliique.</strong></span> <span class='ocrx_word' id='word_1_114' title='bbox 569 2838 615 2923; x_wconf 90' lang='lat' dir='ltr'><strong>Is,</strong></span> <span class='ocrx_word' id='word_1_115' title='bbox 641 2833 705 2909; x_wconf 92' lang='lat' dir='ltr'><strong>ubi</strong></span> <span class='ocrx_word' id='word_1_116' title='bbox 733 2833 882 2933; x_wconf 86' lang='lat' dir='ltr'><strong>accepit,</strong></span> <span class='ocrx_word' id='word_1_117' title='bbox 905 2835 950 2907; x_wconf 89' lang='lat' dir='ltr'><strong>ad</strong></span> <span class='ocrx_word' id='word_1_118' title='bbox 971 2834 1141 2907; x_wconf 80' lang='lat' dir='ltr'><strong>Furculas</strong></span> 
     </span>
     <span class='ocr_line' id='line_1_19' title="bbox 159 2952 1143 3030; baseline -0.001 -1"><span class='ocrx_word' id='word_1_119' title='bbox 159 2953 339 3030; x_wconf 87' lang='lat' dir='ltr'><strong>Caudinas</strong></span> <span class='ocrx_word' id='word_1_120' title='bbox 360 2954 450 3029; x_wconf 90' lang='lat' dir='ltr'><strong>inter</strong></span> <span class='ocrx_word' id='word_1_121' title='bbox 477 2956 567 3028; x_wconf 89' lang='lat' dir='ltr'><strong>duos</strong></span> <span class='ocrx_word' id='word_1_122' title='bbox 594 2953 697 3028; x_wconf 91' lang='lat' dir='ltr'><strong>saltus</strong></span> <span class='ocrx_word' id='word_1_123' title='bbox 724 2952 857 3027; x_wconf 89' lang='lat' dir='ltr'><strong>clausos</strong></span> <span class='ocrx_word' id='word_1_124' title='bbox 880 2956 946 3028; x_wconf 88' lang='lat' dir='ltr'><strong>esse</strong></span> <span class='ocrx_word' id='word_1_125' title='bbox 969 2952 1143 3028; x_wconf 83' lang='lat' dir='ltr'><strong>exercitus</strong></span> 
     </span>
     <span class='ocr_line' id='line_1_20' title="bbox 160 3072 1141 3164; baseline -0.001 -16"><span class='ocrx_word' id='word_1_126' title='bbox 160 3075 358 3164; x_wconf 88' lang='lat' dir='ltr'><strong>Romanos,</strong></span> <span class='ocrx_word' id='word_1_127' title='bbox 385 3073 563 3149; x_wconf 88' lang='lat' dir='ltr'><strong>consultus</strong></span> <span class='ocrx_word' id='word_1_128' title='bbox 589 3077 633 3148; x_wconf 88' lang='lat' dir='ltr'><strong>ab</strong></span> <span class='ocrx_word' id='word_1_129' title='bbox 651 3072 785 3147; x_wconf 87' lang='lat' dir='ltr'><strong>nuncio</strong></span> <span class='ocrx_word' id='word_1_130' title='bbox 801 3073 880 3161; x_wconf 86' lang='lat' dir='ltr'><strong>filii,</strong></span> <span class='ocrx_word' id='word_1_131' title='bbox 896 3073 1044 3160; x_wconf 90' lang='lat' dir='ltr'><strong>censuit,</strong></span> <span class='ocrx_word' id='word_1_132' title='bbox 1065 3098 1141 3147; x_wconf 89' lang='lat' dir='ltr'><strong>om-</strong></span> 
     </span>
     <span class='ocr_line' id='line_1_21' title="bbox 156 3192 1139 3298; baseline 0 -32"><span class='ocrx_word' id='word_1_133' title='bbox 156 3220 218 3298; x_wconf 84' lang='lat' dir='ltr'><strong>nes</strong></span> <span class='ocrx_word' id='word_1_134' title='bbox 243 3193 327 3268; x_wconf 88' lang='lat' dir='ltr'><strong>inde</strong></span> <span class='ocrx_word' id='word_1_135' title='bbox 354 3221 464 3294; x_wconf 90' lang='lat' dir='ltr'><strong>quam</strong></span> <span class='ocrx_word' id='word_1_136' title='bbox 490 3193 648 3293; x_wconf 90' lang='lat' dir='ltr'><strong>primum</strong></span> <span class='ocrx_word' id='word_1_137' title='bbox 678 3192 865 3267; x_wconf 86' lang='lat' dir='ltr'><strong>inviolatos</strong></span> <span class='ocrx_word' id='word_1_138' title='bbox 895 3193 1139 3268; x_wconf 86' lang='lat' dir='ltr'><strong>dimittendos.</strong></span> 
     </span>
     <span class='ocr_line' id='line_1_22' title="bbox 156 3313 1139 3414; baseline -0.007 -20"><span class='ocrx_word' id='word_1_139' title='bbox 156 3319 259 3414; x_wconf 73' lang='lat' dir='ltr'><strong>Quae</strong></span> <span class='ocrx_word' id='word_1_140' title='bbox 280 3315 345 3389; x_wconf 93' lang='lat' dir='ltr'><strong>ubi</strong></span> <span class='ocrx_word' id='word_1_141' title='bbox 362 3313 473 3412; x_wconf 87' lang='lat' dir='ltr'><strong>spreta</strong></span> <span class='ocrx_word' id='word_1_142' title='bbox 489 3313 658 3388; x_wconf 88' lang='lat' dir='ltr'><strong>sententia</strong></span> <span class='ocrx_word' id='word_1_143' title='bbox 679 3313 742 3401; x_wconf 89' lang='lat' dir='ltr'><strong>est,</strong></span> <span class='ocrx_word' id='word_1_144' title='bbox 766 3313 980 3412; x_wconf 86' lang='lat' dir='ltr'><strong>iterumque,</strong></span> <span class='ocrx_word' id='word_1_145' title='bbox 1011 3316 1139 3388; x_wconf 84' lang='lat' dir='ltr'><strong>eodem</strong></span> 
     </span>
     <span class='ocr_line' id='line_1_23' title="bbox 156 3431 1140 3522; baseline 0 -14"><span class='ocrx_word' id='word_1_146' title='bbox 156 3456 333 3509; x_wconf 87' lang='lat' dir='ltr'><strong>remeante</strong></span> <span class='ocrx_word' id='word_1_147' title='bbox 348 3433 496 3522; x_wconf 90' lang='lat' dir='ltr'><strong>nunci0‚</strong></span> <span class='ocrx_word' id='word_1_148' title='bbox 515 3432 773 3521; x_wconf 86' lang='lat' dir='ltr'><strong>consulebatur,</strong></span> <span class='ocrx_word' id='word_1_149' title='bbox 791 3431 937 3522; x_wconf 90' lang='lat' dir='ltr'><strong>censuit,</strong></span> <span class='ocrx_word' id='word_1_150' title='bbox 961 3436 1007 3508; x_wconf 90' lang='lat' dir='ltr'><strong>ad</strong></span> <span class='ocrx_word' id='word_1_151' title='bbox 1023 3458 1140 3508; x_wconf 89' lang='lat' dir='ltr'><strong>unum</strong></span> 
     </span>
     <span class='ocr_line' id='line_1_24' title="bbox 158 3543 1141 3653; baseline -0.001 -24"><span class='ocrx_word' id='word_1_152' title='bbox 158 3581 282 3630; x_wconf 89' lang='lat' dir='ltr'><strong>omnes</strong></span> <span class='ocrx_word' id='word_1_153' title='bbox 315 3551 587 3630; x_wconf 86' lang='lat' dir='ltr'><strong>interficiendos.</strong></span> <span class='ocrx_word' id='word_1_154' title='bbox 636 3543 739 3653; x_wconf 69' lang='lat' dir='ltr'><strong>Quae</strong></span> <span class='ocrx_word' id='word_1_155' title='bbox 766 3554 830 3628; x_wconf 87' lang='lat' dir='ltr'><strong>ubi</strong></span> <span class='ocrx_word' id='word_1_156' title='bbox 861 3574 934 3628; x_wconf 88' lang='lat' dir='ltr'><strong>tam</strong></span> <span class='ocrx_word' id='word_1_157' title='bbox 967 3554 1141 3630; x_wconf 88' lang='lat' dir='ltr'><strong>discordia</strong></span> 
     </span>
     <span class='ocr_line' id='line_1_25' title="bbox 158 3672 1142 3772; baseline 0 -24"><span class='ocrx_word' id='word_1_158' title='bbox 158 3675 250 3749; x_wconf 88' lang='lat' dir='ltr'><strong>inter</strong></span> <span class='ocrx_word' id='word_1_159' title='bbox 266 3673 312 3764; x_wconf 90' lang='lat' dir='ltr'><strong>se,</strong></span> <span class='ocrx_word' id='word_1_160' title='bbox 343 3677 441 3750; x_wconf 91' lang='lat' dir='ltr'><strong>velut</strong></span> <span class='ocrx_word' id='word_1_161' title='bbox 457 3701 501 3750; x_wconf 85' lang='lat' dir='ltr'><strong>ex</strong></span> <span class='ocrx_word' id='word_1_162' title='bbox 518 3672 664 3772; x_wconf 84' lang='lat' dir='ltr'><strong>ancipiti</strong></span> <span class='ocrx_word' id='word_1_163' title='bbox 682 3676 838 3763; x_wconf 89' lang='lat' dir='ltr'><strong>oraculo,</strong></span> <span class='ocrx_word' id='word_1_164' title='bbox 868 3673 1028 3772; x_wconf 88' lang='lat' dir='ltr'><strong>responsa</strong></span> <span class='ocrx_word' id='word_1_165' title='bbox 1059 3677 1142 3748; x_wconf 81' lang='lat' dir='ltr'><strong>data</strong></span> 
     </span>
     <span class='ocr_line' id='line_1_26' title="bbox 158 3783 1138 3895; baseline 0 -27"><span class='ocrx_word' id='word_1_166' title='bbox 158 3783 238 3869; x_wconf 92' lang='lat' dir='ltr'><strong>sunt</strong></span> <span class='ocrx_word' id='word_1_167' title='bbox 246 3827 257 3882; x_wconf 84' lang='lat'>3</span> <span class='ocrx_word' id='word_1_168' title='bbox 279 3820 497 3895; x_wconf 86' lang='lat' dir='ltr'><strong>quamquam</strong></span> <span class='ocrx_word' id='word_1_169' title='bbox 523 3793 617 3868; x_wconf 85' lang='lat' dir='ltr'><strong>filius</strong></span> <span class='ocrx_word' id='word_1_170' title='bbox 643 3792 714 3890; x_wconf 88' lang='lat' dir='ltr'><strong>ipse</strong></span> <span class='ocrx_word' id='word_1_171' title='bbox 740 3793 780 3867; x_wconf 92' lang='lat' dir='ltr'><strong>in</strong></span> <span class='ocrx_word' id='word_1_172' title='bbox 807 3793 932 3892; x_wconf 84' lang='lat' dir='ltr'><strong>primis</strong></span> <span class='ocrx_word' id='word_1_173' title='bbox 955 3796 1031 3891; x_wconf 87' lang='lat' dir='ltr'><strong>jam</strong></span> <span class='ocrx_word' id='word_1_174' title='bbox 1064 3795 1138 3893; x_wconf 70' lang='lat' dir='ltr'><strong>ani7</strong></span> 
     </span>
     <span class='ocr_line' id='line_1_27' title="bbox 158 3912 1137 4014; baseline 0.003 -27"><span class='ocrx_word' id='word_1_175' title='bbox 158 3939 261 3990; x_wconf 91' lang='lat' dir='ltr'><strong>mum</strong></span> <span class='ocrx_word' id='word_1_176' title='bbox 288 3941 433 4014; x_wconf 91' lang='lat' dir='ltr'><strong>quoque</strong></span> <span class='ocrx_word' id='word_1_177' title='bbox 459 3912 564 4012; x_wconf 87' lang='lat' dir='ltr'><strong>patris</strong></span> <span class='ocrx_word' id='word_1_178' title='bbox 594 3912 809 3989; x_wconf 85' lang='lat' dir='ltr'><strong>consenuisse</strong></span> <span class='ocrx_word' id='word_1_179' title='bbox 841 3913 878 3988; x_wconf 90' lang='lat' dir='ltr'><strong>in</strong></span> <span class='ocrx_word' id='word_1_180' title='bbox 904 3913 1043 3989; x_wconf 70' lang='lat' dir='ltr'><strong>adfeslo</strong></span> <span class='ocrx_word' id='word_1_181' title='bbox 1060 3941 1137 3990; x_wconf 91' lang='lat' dir='ltr'><strong>cor·</strong></span> 
     </span>
     <span class='ocr_line' id='line_1_28' title="bbox 157 4032 1137 4131; baseline 0.002 -23"><span class='ocrx_word' id='word_1_182' title='bbox 157 4059 243 4131; x_wconf 88' lang='lat' dir='ltr'><strong>pore</strong></span> <span class='ocrx_word' id='word_1_183' title='bbox 259 4037 400 4109; x_wconf 83' lang='lat' dir='ltr'><strong>rebatur</strong></span> <span class='ocrx_word' id='word_1_184' title='bbox 406 4067 418 4122; x_wconf 83' lang='lat'>3</span> <span class='ocrx_word' id='word_1_185' title='bbox 442 4055 561 4108; x_wconf 87' lang='lat' dir='ltr'><strong>tamen</strong></span> <span class='ocrx_word' id='word_1_186' title='bbox 577 4032 742 4108; x_wconf 92' lang='lat' dir='ltr'><strong>consensu</strong></span> <span class='ocrx_word' id='word_1_187' title='bbox 761 4035 926 4108; x_wconf 90' lang='lat' dir='ltr'><strong>omnium</strong></span> <span class='ocrx_word' id='word_1_188' title='bbox 943 4034 1057 4109; x_wconf 60' lang='lat' dir='ltr'><strong>vietus</strong></span> <span class='ocrx_word' id='word_1_189' title='bbox 1073 4036 1137 4124; x_wconf 88' lang='lat' dir='ltr'><strong>est,</strong></span> 
     </span>
    </p>
   </div>
   <div class='ocr_carea' id='block_1_3' title="bbox 157 4152 1138 4350">
    <p class='ocr_par' dir='ltr' id='par_1_3' title="bbox 157 4152 1138 4350">
     <span class='ocr_line' id='line_1_29' title="bbox 157 4152 1138 4258; baseline 0 -28"><span class='ocrx_word' id='word_1_190' title='bbox 157 4175 199 4230; x_wconf 89' lang='lat' dir='ltr'><strong>ut</strong></span> <span class='ocrx_word' id='word_1_191' title='bbox 231 4152 347 4252; x_wconf 90' lang='lat' dir='ltr'><strong>ipsum</strong></span> <span class='ocrx_word' id='word_1_192' title='bbox 381 4153 419 4230; x_wconf 90' lang='lat' dir='ltr'><strong>in</strong></span> <span class='ocrx_word' id='word_1_193' title='bbox 453 4154 636 4234; x_wconf 85' lang='lat' dir='ltr'><strong>confilium</strong></span> <span class='ocrx_word' id='word_1_194' title='bbox 668 4153 826 4230; x_wconf 86' lang='lat' dir='ltr'><strong>adsciret.</strong></span> <span class='ocrx_word' id='word_1_195' title='bbox 875 4157 955 4231; x_wconf 91' lang='lat' dir='ltr'><strong>Nec</strong></span> <span class='ocrx_word' id='word_1_196' title='bbox 978 4177 1138 4258; x_wconf 58' lang='lat' dir='ltr'><strong>maratus</strong></span> 
     </span>
     <span class='ocr_line' id='line_1_30' title="bbox 628 4277 662 4350; baseline 0 0"><span class='ocrx_word' id='word_1_197' title='bbox 628 4277 662 4350; x_wconf 90' lang='lat' dir='ltr'>Z</span> 
     </span>
    </p>
   </div>
   <div class='ocr_carea' id='block_1_4' title="bbox 0 0 1538 5342">
    <p class='ocr_par' dir='ltr' id='par_1_4' title="bbox 0 0 1538 5342">
     <span class='ocr_line' id='line_1_31' title="bbox 0 0 1538 5342; baseline 0 0"><span class='ocrx_word' id='word_1_198' title='bbox 0 0 1538 5342; x_wconf 95' lang='lat' dir='ltr'><strong> </strong></span> 
     </span>
    </p>
   </div>
  </div>
 </body>
</html>
