3067 5342
503 687 734 762 Lrssn
791 687 873 762 VII.
1099 716 1165 790 231

184 861 341 961 Legatos
358 859 477 963 itaque
492 866 672 963 externplo
685 862 781 939 mitti
798 865 844 937 ad
858 859 1029 964 Samnites
1046 861 1166 960 placu-

182 979 223 1055 it.
273 984 367 1057 Data
396 985 574 1073 mandata,
611 995 703 1059 “ut
734 1009 854 1083 preces
887 985 1163 1082 Campanorum,

167 1108 210 1143 ’“
229 1098 430 1198 responsum
447 1101 583 1178 senatus
596 1103 772 1178 amicitiae
787 1100 1000 1178 Samnitium
1013 1127 1163 1188 memor,

183 1229 211 1306 “,
228 1220 450 1298 deditionem
466 1223 641 1321 postremo
657 1224 797 1312 fallam,
825 1221 1042 1298 Samnitibus
1055 1247 1162 1320 expo·

183 1350 210 1384 “
227 1362 359 1416 nerent.
410 1345 573 1418 Peterent
591 1369 655 1442 pro
672 1342 833 1419 societate
852 1340 1093 1440 amicitiaque,
1120 1361 1162 1416 ut

182 1469 210 1503 “
228 1461 407 1538 dediticiis
423 1462 492 1538 suis
509 1485 704 1562 parcerent:
735 1462 904 1562 neque'in
921 1489 1005 1536 eum
1022 1487 1161 1561 agrum,

183 1580 292 1679 “qui
319 1582 446 1681 populi
473 1582 631 1688 Romani
650 1583 762 1658 faetus
786 1585 880 1671 effer,
906 1581 1046 1657 hostilia
1068 1605 1165 1654 arma

182 1709 208 1742 ‘⁴
226 1699 405 1776 inferrent.
454 1701 490 1776 Si
507 1702 631 1777 leniter
642 1705 783 1802 agendo
795 1727 920 1800 parum
939 1703 1161 1800 proficerent,

182 1819 483 1896 “denunciarent
505 1822 722 1897 Samnitibus
745 1821 872 1923 populi
888 1818 1046 1895 Romani
1067 1817 1162 1893 sena-

182 1948 208 1982 “
226 1937 354 2037 tusque
386 1939 515 2028 verbis,
560 1964 603 2015 ut
635 1944 758 2038 Capua
785 1945 872 2015 urbe
906 1943 1162 2038 Campanoque

183 2069 208 2103 “
225 2084 310 2157 agro
326 2058 573 2134 abstinerent?
622 2063 726 2135 Haec
758 2058 881 2159 legatis
908 2059 1096 2159 agentibus
1123 2059 1162 2134 in

178 2176 335 2252 concilio
361 2177 574 2253 Samnitium
593 2181 682 2253 adeo
700 2179 750 2253 est
765 2178 928 2254 ferociter
943 2177 1160 2277 responsum,

179 2315 222 2370 ut
238 2323 312 2370 non
328 2296 443 2371 solum
464 2299 621 2396 gesturos
637 2296 670 2371 se
687 2301 753 2371 elle
773 2296 931 2372 dicerent
951 2298 990 2372 id
1009 2301 1159 2386 bellum,

179 2415 239 2490 sed
265 2416 485 2516 magistrams
501 2443 626 2492 eorum
649 2444 669 2490 e
696 2417 795 2492 curia
820 2421 952 2516 egressi,
987 2419 1159 2495 stantibus

177 2535 313 2635 legatis,
355 2536 547 2635 praefedlos
579 2536 782 2610 cohortium
809 2559 999 2626 vocarent3
1047 2528 1160 2636 iisque

178 2658 270 2730 clara
293 2681 382 2731 voce
409 2655 633 2755 imperarent,
659 2676 701 2730 ut
731 2656 939 2752 praedatum
967 2655 1007 2730 in
1033 2681 1159 2754 agrum

176 2777 403 2874 Campanum
417 2777 596 2872 extemplo
610 2773 922 2872 proficiscerentur.

226 2896 386 2970 XXXII.
417 2895 502 2968 Hac
521 2894 697 2992 legatione
716 2895 874 2968 Romam
896 2895 1013 2982 relata,
1040 2892 1158 2990 positis

175 3012 343 3087 omnium
364 3013 512 3088 aliarum
539 3039 659 3087 rerum
683 3013 789 3102 curis,
816 3017 947 3102 Patres,
973 3011 1158 3088 fecialibus

174 3134 223 3208 ad
239 3159 292 3207 res
307 3134 513 3231 repetendas
525 3132 644 3221 millis,
671 3135 851 3233 belloque,
886 3133 1056 3232 quianon
1077 3135 1156 3207 red·

176 3255 355 3341 derentur‚
394 3251 555 3326 sollemni
586 3279 685 3328 more
715 3252 865 3342 indicto,
909 3255 1154 3343 decreverunt,

174 3392 217 3446 ut
231 3371 349 3470 primo
372 3397 519 3470 quoque
539 3394 697 3470 tempore
718 3373 823 3447 deca
849 3374 951 3449 read
978 3376 1156 3473 populum

174 3490 345 3566 ferretur:
385 3494 553 3589 juffuque
583 3491 708 3589 populi
737 3491 897 3566 consules
930 3497 1037 3570 ambo
1068 3522 1155 3570 cum

174 3612 319 3686 duobus
339 3614 385 3688 ab
406 3615 496 3687 urbe
517 3611 730 3686 exercitibus
752 3610 913 3709 proferri,
940 3613 1099 3690 Valerius
1117 3614 1154 3689 in

173 3729 421 3828 Campaniam,
469 3729 655 3806 Cornelius
688 3731 730 3805 in
766 3732 964 3820 Samnium,
1007 3733 1067 3808 ille
1108 3729 1155 3808 ad

173 3872 334 3926 montem
364 3854 541 3939 Gaurum,
574 3850 636 3926 hic
664 3852 711 3924 ad
735 3850 926 3928 Saticulam
956 3851 1064 3927 castra
1089 3878 1173 3951 pog

172 3993 275 4046 nunt.
338 3971 452 4046 Priori
479 3969 620 4046 Valerio
645 3969 860 4045 Samnitium
895 3969 1051 4070 legiones
1094 3977 1153 4068 (eo

174 4115 329 4191 namque
343 4117 491 4167 omnem
516 4089 601 4167 belli
617 4092 751 4166 molem
766 4089 1013 4168 inclinaturam
1036 4091 1152 4168 cense-
