3067 5342
387 667 800 760 ,LraanV.
1092 692 1137 765 95

206 842 291 914 LV.
320 839 473 915 Movisse
490 866 550 914 eos
562 838 736 914 Camillus
752 865 868 936 quum
882 838 949 913 alia
967 840 1136 928 oratione,

160 979 314 1048 tumea,
346 986 438 1058 quae
463 962 510 1033 ad
535 959 722 1058 religiones
741 958 951 1055 pertinebat,
982 959 1138 1035 maxime

159 1079 303 1157 dicitur.
336 1082 424 1175 ‚sed
448 1105 523 1154 rem
552 1078 702 1153 dubiam
731 1076 888 1151 decrevit
912 1104 984 1152 vox
1010 1106 1137 1179 oppor-

157 1222 247 1274 tuna
261 1199 405 1288 emissa3
436 1201 550 1297 quod,
576 1223 692 1302 quum
711 1197 847 1272 senatus
864 1198 941 1296 post
955 1201 1076 1297 paullo
1092 1203 1138 1275 de

158 1320 214 1395 bis
229 1322 335 1395 rebus
349 1319 387 1393 in
400 1318 498 1394 curia
510 1317 666 1392 Hostilia
679 1319 877 1404 haberetur,
895 1318 1138 1418 cohortesque,

159 1466 204 1514 ex
218 1439 394 1539 praesidiis
410 1458 631 1525 revertentes,
648 1436 737 1511 forte
753 1418 896 1536 agmine
913 1438 1031 1515 sorum
1048 1460 1139 1514 tran-

160 1562 275 1647 firent,
288 1558 450 1635 centurio
465 1558 503 1632 in
520 1556 667 1631 comitio
679 1557 910 1633 exclamavit:
930 1569 955 1602 “
974 1557 1138 1657 Signifer,

161 1688 187 1721 “
205 1678 318 1753 statue
334 1682 493 1777 signum:
523 1678 583 1751 hic
599 1676 824 1752 manebimus
840 1677 1009 1777 optime.’'
1057 1684 1141 1780 Qra

161 1824 249 1875 voce
267 1798 402 1887 audita,
432 1803 466 1872 δι
492 1796 641 1886 senatus,
671 1807 696 1841 “
715 1796 872 1896 accipere
887 1796 920 1871 se
937 1801 1079 1887 omen,''
1097 1826 1141 1873 ex

162 1922 261 1999 curia
285 1923 449 2021 egressus,
479 1904 727 2007 conclamarit,
750 1923 784 1993 ἃ
808 1920 907 2016 plebs
930 1917 1143 1993 circumfusa

162 2041 382 2143 adprobavit
432 2038 631 2136 Antiquata
659 2036 791 2112 deinde
821 2041 911 2137 lege,
943 2036 1141 2136 promiscue

162 2167 247 2239 urbs
268 2159 445 2237 aedificari
468 2179 604 2258 coepta.
652 2160 795 2257 Tegula
822 2158 967 2256 publice
985 2158 1143 2256 praebita

162 2282 227 2357 est:
261 2279 335 2355 saxi
358 2278 594 2376 materiaeque
621 2279 833 2367 caedendae,
866 2282 963 2354 unde
991 2278 1142 2379 quisque

162 2405 281 2489 vellet,
303 2402 363 2496 jus
390 2398 543 2486 factum,
577 2398 767 2495 praedibus
793 2398 959 2497 acceptis,
987 2426 1030 2474 eo
1049 2424 1143 2474 anno

163 2520 327 2598 aedificia
353 2517 578 2619 perfecturos.
642 2517 833 2591 Festinatio
862 2544 985 2593 curam
1011 2518 1143 2593 exemit

163 2642 264 2717 vicos
279 2639 473 2739 dirigendi,
491 2639 595 2725 durn,
620 2636 746 2711 omiffo
759 2635 811 2711 sui
828 2637 1005 2736 alienique
1024 2635 1142 2712 discri-

165 2760 278 2848 mine,
295 2758 334 2833 in
349 2783 464 2833 vacuo
475 2756 673 2831 aedificant.
725 2758 779 2830 Ea
792 2756 841 2830 est
854 2759 980 2845 cauffa,
994 2777 1036 2831 ut
1051 2778 1145 2832 vete·

167 2908 220 2955 res
233 2883 384 2966 cloacae,
402 2877 519 2978 primo
534 2902 597 2974 per
609 2874 799 2975 publicum
808 2877 949 2965 dudae,
963 2904 1059 2951 nunc
1074 2876 1144 2975 pri-

165 3022 246 3073 vata
257 3001 377 3096 passim
394 2995 540 3071 subeant
556 2997 670 3083 tesia,
700 2995 886 3095 formaque
908 2996 1007 3073 urbis
1024 3000 1062 3071 srt
1084 3023 1144 3073 oc·

167 3140 317 3218 cupatae
325 3116 451 3217 magis,
464 3142 574 3215 quam
588 3114 731 3204 divisae,
746 3115 877 3193 sterilis.
