<?xml version="1.0" encoding="UTF-8"?>
<!DOCTYPE html PUBLIC "-//W3C//DTD XHTML 1.0 Transitional//EN"
    "http://www.w3.org/TR/xhtml1/DTD/xhtml1-transitional.dtd">
<html xmlns="http://www.w3.org/1999/xhtml" xml:lang="en" lang="en">
 <head>
  <title>
</title>
<meta http-equiv="Content-Type" content="text/html;charset=utf-8" />
  <meta name='ocr-system' content='tesseract 3.04.00' />
  <meta name='ocr-capabilities' content='ocr_page ocr_carea ocr_par ocr_line ocrx_word'/>
</head>
<body>
  <div class='ocr_page' id='page_1' title='image "./tliviipatavinih00homegoog_0036.png"; bbox 0 0 3067 5342; ppageno 0'>
   <div class='ocr_carea' id='block_1_1' title="bbox 363 676 1013 751">
    <p class='ocr_par' dir='ltr' id='par_1_1' title="bbox 363 676 1013 751">
     <span class='ocr_line' id='line_1_1' title="bbox 363 676 1013 751; baseline -0.003 -1"><span class='ocrx_word' id='word_1_1' title='bbox 363 677 408 751; x_wconf 80' lang='lat'>28</span> <span class='ocrx_word' id='word_1_2' title='bbox 695 676 1013 750; x_wconf 85' lang='lat' dir='ltr'>T.L1vrr</span> 
     </span>
    </p>
   </div>
   <div class='ocr_carea' id='block_1_2' title="bbox 361 848 1351 2150">
    <p class='ocr_par' dir='ltr' id='par_1_2' title="bbox 361 848 1351 2150">
     <span class='ocr_line' id='line_1_2' title="bbox 362 848 1348 948; baseline -0.003 -22"><span class='ocrx_word' id='word_1_3' title='bbox 362 849 516 926; x_wconf 87' lang='lat' dir='ltr'>comitiis</span> <span class='ocrx_word' id='word_1_4' title='bbox 549 851 779 926; x_wconf 91' lang='lat' dir='ltr'>tribunorum</span> <span class='ocrx_word' id='word_1_5' title='bbox 812 849 971 926; x_wconf 91' lang='lat' dir='ltr'>militum</span> <span class='ocrx_word' id='word_1_6' title='bbox 1010 849 1165 948; x_wconf 85' lang='lat' dir='ltr'>plebejos</span> <span class='ocrx_word' id='word_1_7' title='bbox 1190 848 1348 926; x_wconf 88' lang='lat' dir='ltr'>creandi.</span> 
     </span>
     <span class='ocr_line' id='line_1_3' title="bbox 363 968 1351 1071; baseline -0.001 -26"><span class='ocrx_word' id='word_1_8' title='bbox 363 973 471 1046; x_wconf 90' lang='lat' dir='ltr'>Unus</span> <span class='ocrx_word' id='word_1_9' title='bbox 490 973 547 1046; x_wconf 91' lang='lat' dir='ltr'>M.</span> <span class='ocrx_word' id='word_1_10' title='bbox 565 972 734 1046; x_wconf 88' lang='lat' dir='ltr'>Veturius</span> <span class='ocrx_word' id='word_1_11' title='bbox 751 998 797 1046; x_wconf 85' lang='lat' dir='ltr'>ex</span> <span class='ocrx_word' id='word_1_12' title='bbox 820 969 975 1071; x_wconf 85' lang='lat' dir='ltr'>patriciis</span> <span class='ocrx_word' id='word_1_13' title='bbox 1002 968 1199 1045; x_wconf 85' lang='lat' dir='ltr'>candidatis</span> <span class='ocrx_word' id='word_1_14' title='bbox 1225 971 1351 1044; x_wconf 91' lang='lat' dir='ltr'>locum</span> 
     </span>
     <span class='ocr_line' id='line_1_4' title="bbox 363 1084 1351 1189; baseline -0.003 -23"><span class='ocrx_word' id='word_1_15' title='bbox 363 1089 499 1166; x_wconf 84' lang='lat' dir='ltr'>tenuit:</span> <span class='ocrx_word' id='word_1_16' title='bbox 534 1092 689 1188; x_wconf 90' lang='lat' dir='ltr'>plebejos</span> <span class='ocrx_word' id='word_1_17' title='bbox 705 1091 791 1165; x_wconf 84' lang='lat' dir='ltr'>alios</span> <span class='ocrx_word' id='word_1_18' title='bbox 814 1091 978 1189; x_wconf 85' lang='lat' dir='ltr'>tribunos</span> <span class='ocrx_word' id='word_1_19' title='bbox 994 1084 1153 1164; x_wconf 92' lang='lat' dir='ltr'>militum</span> <span class='ocrx_word' id='word_1_20' title='bbox 1174 1089 1351 1164; x_wconf 86' lang='lat' dir='ltr'>consulari</span> 
     </span>
     <span class='ocr_line' id='line_1_5' title="bbox 362 1209 1350 1309; baseline 0 -25"><span class='ocrx_word' id='word_1_21' title='bbox 362 1210 529 1309; x_wconf 90' lang='lat' dir='ltr'>potestate</span> <span class='ocrx_word' id='word_1_22' title='bbox 553 1237 676 1286; x_wconf 87' lang='lat' dir='ltr'>omnes</span> <span class='ocrx_word' id='word_1_23' title='bbox 693 1209 765 1286; x_wconf 90' lang='lat' dir='ltr'>sere</span> <span class='ocrx_word' id='word_1_24' title='bbox 788 1211 967 1286; x_wconf 82' lang='lat' dir='ltr'>centuriae</span> <span class='ocrx_word' id='word_1_25' title='bbox 990 1210 1126 1300; x_wconf 82' lang='lat' dir='ltr'>dixere,</span> <span class='ocrx_word' id='word_1_26' title='bbox 1153 1213 1212 1285; x_wconf 90' lang='lat' dir='ltr'>M.</span> <span class='ocrx_word' id='word_1_27' title='bbox 1239 1213 1350 1284; x_wconf 91' lang='lat' dir='ltr'>Pom-</span> 
     </span>
     <span class='ocr_line' id='line_1_6' title="bbox 361 1329 1348 1430; baseline -0.001 -25"><span class='ocrx_word' id='word_1_28' title='bbox 361 1331 526 1430; x_wconf 91' lang='lat' dir='ltr'>ponium,</span> <span class='ocrx_word' id='word_1_29' title='bbox 569 1333 612 1406; x_wconf 86' lang='lat' dir='ltr'>C.</span> <span class='ocrx_word' id='word_1_30' title='bbox 647 1331 830 1420; x_wconf 90' lang='lat' dir='ltr'>Duilium‚</span> <span class='ocrx_word' id='word_1_31' title='bbox 874 1333 1090 1405; x_wconf 85' lang='lat' dir='ltr'>Voleronem</span> <span class='ocrx_word' id='word_1_32' title='bbox 1132 1329 1348 1419; x_wconf 90' lang='lat' dir='ltr'>Publilium,</span> 
     </span>
     <span class='ocr_line' id='line_1_7' title="bbox 362 1449 1349 1540; baseline -0.004 -12"><span class='ocrx_word' id='word_1_33' title='bbox 362 1455 431 1528; x_wconf 72' lang='lat' dir='ltr'>Cn·</span> <span class='ocrx_word' id='word_1_34' title='bbox 458 1451 682 1540; x_wconf 86' lang='lat' dir='ltr'>Genucium,</span> <span class='ocrx_word' id='word_1_35' title='bbox 707 1455 754 1528; x_wconf 91' lang='lat' dir='ltr'>L.</span> <span class='ocrx_word' id='word_1_36' title='bbox 771 1451 939 1526; x_wconf 86' lang='lat' dir='ltr'>Atilium.</span> <span class='ocrx_word' id='word_1_37' title='bbox 989 1449 1144 1526; x_wconf 91' lang='lat' dir='ltr'>Tristem</span> <span class='ocrx_word' id='word_1_38' title='bbox 1174 1450 1349 1538; x_wconf 88' lang='lat' dir='ltr'>hiemem,</span> 
     </span>
     <span class='ocr_line' id='line_1_8' title="bbox 363 1571 1351 1670; baseline -0.002 -24"><span class='ocrx_word' id='word_1_39' title='bbox 363 1575 429 1646; x_wconf 87' lang='lat' dir='ltr'>five</span> <span class='ocrx_word' id='word_1_40' title='bbox 462 1599 508 1647; x_wconf 89' lang='lat' dir='ltr'>ex</span> <span class='ocrx_word' id='word_1_41' title='bbox 536 1571 743 1670; x_wconf 88' lang='lat' dir='ltr'>intemperie</span> <span class='ocrx_word' id='word_1_42' title='bbox 777 1572 882 1660; x_wconf 89' lang='lat' dir='ltr'>coeli,</span> <span class='ocrx_word' id='word_1_43' title='bbox 925 1571 1052 1670; x_wconf 84' lang='lat' dir='ltr'>raptim</span> <span class='ocrx_word' id='word_1_44' title='bbox 1080 1571 1277 1646; x_wconf 82' lang='lat' dir='ltr'>mutatione</span> <span class='ocrx_word' id='word_1_45' title='bbox 1310 1571 1351 1644; x_wconf 93' lang='lat' dir='ltr'>in</span> 
     </span>
     <span class='ocr_line' id='line_1_9' title="bbox 362 1691 1351 1792; baseline -0.002 -24"><span class='ocrx_word' id='word_1_46' title='bbox 362 1692 579 1768; x_wconf 88' lang='lat' dir='ltr'>contrarium</span> <span class='ocrx_word' id='word_1_47' title='bbox 607 1691 709 1780; x_wconf 69' lang='lat' dir='ltr'>saeba,</span> <span class='ocrx_word' id='word_1_48' title='bbox 735 1696 803 1768; x_wconf 87' lang='lat' dir='ltr'>five</span> <span class='ocrx_word' id='word_1_49' title='bbox 823 1693 890 1767; x_wconf 84' lang='lat' dir='ltr'>alia</span> <span class='ocrx_word' id='word_1_50' title='bbox 916 1718 989 1791; x_wconf 91' lang='lat' dir='ltr'>qua</span> <span class='ocrx_word' id='word_1_51' title='bbox 1011 1693 1057 1766; x_wconf 94' lang='lat' dir='ltr'>de</span> <span class='ocrx_word' id='word_1_52' title='bbox 1083 1695 1209 1782; x_wconf 86' lang='lat' dir='ltr'>caussa,</span> <span class='ocrx_word' id='word_1_53' title='bbox 1234 1691 1351 1792; x_wconf 89' lang='lat' dir='ltr'>gravis</span> 
     </span>
     <span class='ocr_line' id='line_1_10' title="bbox 361 1811 1349 1912; baseline -0.001 -25"><span class='ocrx_word' id='word_1_54' title='bbox 361 1811 596 1912; x_wconf 89' lang='lat' dir='ltr'>pestilensque</span> <span class='ocrx_word' id='word_1_55' title='bbox 625 1811 794 1888; x_wconf 89' lang='lat' dir='ltr'>omnibus</span> <span class='ocrx_word' id='word_1_56' title='bbox 819 1811 1032 1887; x_wconf 78' lang='lat' dir='ltr'>animalibus</span> <span class='ocrx_word' id='word_1_57' title='bbox 1060 1811 1167 1886; x_wconf 86' lang='lat' dir='ltr'>aestas</span> <span class='ocrx_word' id='word_1_58' title='bbox 1196 1812 1349 1909; x_wconf 83' lang='lat' dir='ltr'>excepit.</span> 
     </span>
     <span class='ocr_line' id='line_1_11' title="bbox 362 1931 1349 2031; baseline -0.002 -23"><span class='ocrx_word' id='word_1_59' title='bbox 362 1933 475 2029; x_wconf 88' lang='lat' dir='ltr'>Cujus</span> <span class='ocrx_word' id='word_1_60' title='bbox 498 1931 679 2008; x_wconf 86' lang='lat' dir='ltr'>insanabili</span> <span class='ocrx_word' id='word_1_61' title='bbox 701 1932 857 2031; x_wconf 89' lang='lat' dir='ltr'>pernicie</span> <span class='ocrx_word' id='word_1_62' title='bbox 884 1933 1032 2030; x_wconf 86' lang='lat' dir='ltr'>quando</span> <span class='ocrx_word' id='word_1_63' title='bbox 1055 1956 1121 2005; x_wconf 91' lang='lat' dir='ltr'>nec</span> <span class='ocrx_word' id='word_1_64' title='bbox 1141 1934 1256 2008; x_wconf 77' lang='lat' dir='ltr'>caussa</span> <span class='ocrx_word' id='word_1_65' title='bbox 1281 1959 1349 2007; x_wconf 91' lang='lat' dir='ltr'>nec</span> 
     </span>
     <span class='ocr_line' id='line_1_12' title="bbox 363 2049 1346 2150; baseline 0.002 -26"><span class='ocrx_word' id='word_1_66' title='bbox 363 2051 443 2126; x_wconf 88' lang='lat' dir='ltr'>linis</span> <span class='ocrx_word' id='word_1_67' title='bbox 461 2051 719 2141; x_wconf 87' lang='lat' dir='ltr'>inveniebatur,</span> <span class='ocrx_word' id='word_1_68' title='bbox 753 2051 835 2126; x_wconf 91' lang='lat' dir='ltr'>libri</span> <span class='ocrx_word' id='word_1_69' title='bbox 863 2049 1027 2150; x_wconf 88' lang='lat' dir='ltr'>Sibyllini</span> <span class='ocrx_word' id='word_1_70' title='bbox 1052 2077 1098 2124; x_wconf 91' lang='lat' dir='ltr'>ex</span> <span class='ocrx_word' id='word_1_71' title='bbox 1124 2050 1346 2126; x_wconf 90' lang='lat' dir='ltr'>senatuscon-</span> 
     </span>
    </p>
   </div>
   <div class='ocr_carea' id='block_1_3' title="bbox 255 2169 1347 2262">
    <p class='ocr_par' dir='ltr' id='par_1_3' title="bbox 255 2169 1347 2262">
     <span class='ocr_line' id='line_1_13' title="bbox 255 2169 1347 2262; baseline -0.002 -12"><span class='ocrx_word' id='word_1_72' title='bbox 255 2247 258 2250; x_wconf 84' lang='lat'>.</span> <span class='ocrx_word' id='word_1_73' title='bbox 363 2169 453 2245; x_wconf 90' lang='lat' dir='ltr'>sulto</span> <span class='ocrx_word' id='word_1_74' title='bbox 473 2170 561 2246; x_wconf 87' lang='lat' dir='ltr'>aditi</span> <span class='ocrx_word' id='word_1_75' title='bbox 579 2171 670 2248; x_wconf 89' lang='lat' dir='ltr'>sunt.</span> <span class='ocrx_word' id='word_1_76' title='bbox 721 2171 916 2247; x_wconf 90' lang='lat' dir='ltr'>Duumviri</span> <span class='ocrx_word' id='word_1_77' title='bbox 937 2171 1039 2246; x_wconf 90' lang='lat' dir='ltr'>sacris</span> <span class='ocrx_word' id='word_1_78' title='bbox 1058 2171 1251 2262; x_wconf 85' lang='lat' dir='ltr'>faciundis,</span> <span class='ocrx_word' id='word_1_79' title='bbox 1276 2176 1347 2248; x_wconf 87' lang='lat' dir='ltr'>lec·</span> 
     </span>
    </p>
   </div>
   <div class='ocr_carea' id='block_1_4' title="bbox 355 2290 1348 4198">
    <p class='ocr_par' dir='ltr' id='par_1_4' title="bbox 355 2290 1348 4198">
     <span class='ocr_line' id='line_1_14' title="bbox 363 2290 1347 2390; baseline 0 -24"><span class='ocrx_word' id='word_1_80' title='bbox 363 2290 520 2366; x_wconf 88' lang='lat' dir='ltr'>tisternio</span> <span class='ocrx_word' id='word_1_81' title='bbox 548 2312 635 2368; x_wconf 87' lang='lat' dir='ltr'>runc</span> <span class='ocrx_word' id='word_1_82' title='bbox 669 2291 828 2390; x_wconf 91' lang='lat' dir='ltr'>primum</span> <span class='ocrx_word' id='word_1_83' title='bbox 859 2293 897 2366; x_wconf 92' lang='lat' dir='ltr'>in</span> <span class='ocrx_word' id='word_1_84' title='bbox 929 2296 1019 2368; x_wconf 92' lang='lat' dir='ltr'>urbe</span> <span class='ocrx_word' id='word_1_85' title='bbox 1049 2295 1215 2368; x_wconf 87' lang='lat' dir='ltr'>Romana</span> <span class='ocrx_word' id='word_1_86' title='bbox 1240 2292 1347 2381; x_wconf 63' lang='lat' dir='ltr'>sasso,</span> 
     </span>
     <span class='ocr_line' id='line_1_15' title="bbox 363 2410 1348 2513; baseline 0.003 -28"><span class='ocrx_word' id='word_1_87' title='bbox 363 2438 425 2511; x_wconf 88' lang='lat' dir='ltr'>per</span> <span class='ocrx_word' id='word_1_88' title='bbox 455 2410 530 2486; x_wconf 89' lang='lat' dir='ltr'>dies</span> <span class='ocrx_word' id='word_1_89' title='bbox 557 2415 639 2487; x_wconf 68' lang='lat' dir='ltr'>osio</span> <span class='ocrx_word' id='word_1_90' title='bbox 670 2413 892 2511; x_wconf 87' lang='lat' dir='ltr'>Apollinem,</span> <span class='ocrx_word' id='word_1_91' title='bbox 918 2415 1170 2513; x_wconf 86' lang='lat' dir='ltr'>Latonamque</span> <span class='ocrx_word' id='word_1_92' title='bbox 1196 2417 1232 2488; x_wconf 84' lang='lat'>&amp;</span> <span class='ocrx_word' id='word_1_93' title='bbox 1259 2411 1348 2489; x_wconf 90' lang='lat' dir='ltr'>Dia·</span> 
     </span>
     <span class='ocr_line' id='line_1_16' title="bbox 363 2531 1348 2632; baseline 0 -24"><span class='ocrx_word' id='word_1_94' title='bbox 363 2557 460 2621; x_wconf 80' lang='lat' dir='ltr'>nam,</span> <span class='ocrx_word' id='word_1_95' title='bbox 495 2534 709 2621; x_wconf 87' lang='lat' dir='ltr'>Herculem,</span> <span class='ocrx_word' id='word_1_96' title='bbox 740 2531 967 2607; x_wconf 90' lang='lat' dir='ltr'>Mercurium</span> <span class='ocrx_word' id='word_1_97' title='bbox 992 2556 1100 2632; x_wconf 84' lang='lat' dir='ltr'>atque</span> <span class='ocrx_word' id='word_1_98' title='bbox 1131 2539 1348 2632; x_wconf 90' lang='lat' dir='ltr'>Neptunum</span> 
     </span>
     <span class='ocr_line' id='line_1_17' title="bbox 362 2651 1347 2754; baseline 0.005 -28"><span class='ocrx_word' id='word_1_99' title='bbox 362 2651 489 2741; x_wconf 91' lang='lat' dir='ltr'>tribus,</span> <span class='ocrx_word' id='word_1_100' title='bbox 531 2679 641 2752; x_wconf 89' lang='lat' dir='ltr'>quam</span> <span class='ocrx_word' id='word_1_101' title='bbox 667 2651 873 2750; x_wconf 79' lang='lat' dir='ltr'>amplisfime</span> <span class='ocrx_word' id='word_1_102' title='bbox 904 2675 983 2727; x_wconf 91' lang='lat' dir='ltr'>tum</span> <span class='ocrx_word' id='word_1_103' title='bbox 1005 2653 1165 2754; x_wconf 88' lang='lat' dir='ltr'>adparari</span> <span class='ocrx_word' id='word_1_104' title='bbox 1197 2675 1347 2754; x_wconf 89' lang='lat' dir='ltr'>poterat,</span> 
     </span>
     <span class='ocr_line' id='line_1_18' title="bbox 361 2773 1346 2872; baseline 0.001 -24"><span class='ocrx_word' id='word_1_105' title='bbox 361 2773 472 2848; x_wconf 84' lang='lat' dir='ltr'>stratis</span> <span class='ocrx_word' id='word_1_106' title='bbox 498 2773 596 2848; x_wconf 70' lang='lat' dir='ltr'>lestis</span> <span class='ocrx_word' id='word_1_107' title='bbox 620 2775 812 2872; x_wconf 83' lang='lat' dir='ltr'>placavere.</span> <span class='ocrx_word' id='word_1_108' title='bbox 862 2773 1033 2847; x_wconf 90' lang='lat' dir='ltr'>Privatim</span> <span class='ocrx_word' id='word_1_109' title='bbox 1059 2800 1207 2872; x_wconf 88' lang='lat' dir='ltr'>quoque</span> <span class='ocrx_word' id='word_1_110' title='bbox 1235 2774 1275 2848; x_wconf 93' lang='lat' dir='ltr'>id</span> <span class='ocrx_word' id='word_1_111' title='bbox 1297 2773 1346 2849; x_wconf 92' lang='lat' dir='ltr'>sa-</span> 
     </span>
     <span class='ocr_line' id='line_1_19' title="bbox 361 2893 1346 2994; baseline 0.002 -26"><span class='ocrx_word' id='word_1_112' title='bbox 361 2919 463 2968; x_wconf 91' lang='lat' dir='ltr'>crum</span> <span class='ocrx_word' id='word_1_113' title='bbox 491 2896 707 2970; x_wconf 86' lang='lat' dir='ltr'>celebratum</span> <span class='ocrx_word' id='word_1_114' title='bbox 730 2893 791 2968; x_wconf 91' lang='lat' dir='ltr'>est.</span> <span class='ocrx_word' id='word_1_115' title='bbox 841 2897 878 2968; x_wconf 93' lang='lat' dir='ltr'>T</span> <span class='ocrx_word' id='word_1_116' title='bbox 878 2917 937 2968; x_wconf 91' lang='lat' dir='ltr'>ota</span> <span class='ocrx_word' id='word_1_117' title='bbox 957 2899 1046 2970; x_wconf 88' lang='lat' dir='ltr'>urbe</span> <span class='ocrx_word' id='word_1_118' title='bbox 1068 2895 1273 2994; x_wconf 87' lang='lat' dir='ltr'>parentibus</span> <span class='ocrx_word' id='word_1_119' title='bbox 1291 2897 1346 2992; x_wconf 85' lang='lat' dir='ltr'>ja·</span> 
     </span>
     <span class='ocr_line' id='line_1_20' title="bbox 361 3013 1347 3114; baseline 0 -24"><span class='ocrx_word' id='word_1_120' title='bbox 361 3014 454 3104; x_wconf 91' lang='lat' dir='ltr'>nuis,</span> <span class='ocrx_word' id='word_1_121' title='bbox 481 3015 755 3114; x_wconf 89' lang='lat' dir='ltr'>promiscuoque</span> <span class='ocrx_word' id='word_1_122' title='bbox 781 3013 847 3089; x_wconf 93' lang='lat' dir='ltr'>usu</span> <span class='ocrx_word' id='word_1_123' title='bbox 872 3041 991 3090; x_wconf 91' lang='lat' dir='ltr'>rerum</span> <span class='ocrx_word' id='word_1_124' title='bbox 1012 3016 1180 3090; x_wconf 89' lang='lat' dir='ltr'>omnium</span> <span class='ocrx_word' id='word_1_125' title='bbox 1202 3014 1241 3090; x_wconf 92' lang='lat' dir='ltr'>in</span> <span class='ocrx_word' id='word_1_126' title='bbox 1266 3041 1347 3114; x_wconf 89' lang='lat' dir='ltr'>pro-</span> 
     </span>
     <span class='ocr_line' id='line_1_21' title="bbox 361 3134 1347 3235; baseline 0.001 -25"><span class='ocrx_word' id='word_1_127' title='bbox 361 3139 483 3235; x_wconf 86' lang='lat' dir='ltr'>patulo</span> <span class='ocrx_word' id='word_1_128' title='bbox 500 3139 623 3234; x_wconf 80' lang='lat' dir='ltr'>posito,</span> <span class='ocrx_word' id='word_1_129' title='bbox 658 3157 761 3210; x_wconf 91' lang='lat' dir='ltr'>notos</span> <span class='ocrx_word' id='word_1_130' title='bbox 775 3134 984 3235; x_wconf 85' lang='lat' dir='ltr'>ignotosque</span> <span class='ocrx_word' id='word_1_131' title='bbox 1001 3139 1123 3235; x_wconf 86' lang='lat' dir='ltr'>paffim</span> <span class='ocrx_word' id='word_1_132' title='bbox 1139 3137 1291 3211; x_wconf 89' lang='lat' dir='ltr'>advenas</span> <span class='ocrx_word' id='word_1_133' title='bbox 1307 3137 1347 3211; x_wconf 92' lang='lat' dir='ltr'>in</span> 
     </span>
     <span class='ocr_line' id='line_1_22' title="bbox 361 3253 1347 3357; baseline 0.003 -27"><span class='ocrx_word' id='word_1_134' title='bbox 361 3255 557 3353; x_wconf 91' lang='lat' dir='ltr'>hospitium</span> <span class='ocrx_word' id='word_1_135' title='bbox 584 3257 712 3330; x_wconf 74' lang='lat' dir='ltr'>ductos</span> <span class='ocrx_word' id='word_1_136' title='bbox 729 3253 866 3342; x_wconf 83' lang='lat' dir='ltr'>serunt3</span> <span class='ocrx_word' id='word_1_137' title='bbox 896 3260 930 3330; x_wconf 73' lang='grc' dir='ltr'>δι</span> <span class='ocrx_word' id='word_1_138' title='bbox 961 3280 1046 3330; x_wconf 89' lang='lat' dir='ltr'>cum</span> <span class='ocrx_word' id='word_1_139' title='bbox 1078 3255 1234 3332; x_wconf 90' lang='lat' dir='ltr'>inimicis</span> <span class='ocrx_word' id='word_1_140' title='bbox 1256 3285 1347 3357; x_wconf 91' lang='lat' dir='ltr'>quo·</span> 
     </span>
     <span class='ocr_line' id='line_1_23' title="bbox 362 3374 1348 3478; baseline 0.005 -30"><span class='ocrx_word' id='word_1_141' title='bbox 362 3401 434 3473; x_wconf 90' lang='lat' dir='ltr'>que</span> <span class='ocrx_word' id='word_1_142' title='bbox 452 3375 607 3472; x_wconf 86' lang='lat' dir='ltr'>benigne</span> <span class='ocrx_word' id='word_1_143' title='bbox 623 3401 664 3449; x_wconf 92' lang='lat' dir='ltr'>ac</span> <span class='ocrx_word' id='word_1_144' title='bbox 687 3374 836 3449; x_wconf 90' lang='lat' dir='ltr'>comiter</span> <span class='ocrx_word' id='word_1_145' title='bbox 850 3374 1025 3450; x_wconf 91' lang='lat' dir='ltr'>sermones</span> <span class='ocrx_word' id='word_1_146' title='bbox 1048 3377 1199 3466; x_wconf 83' lang='lat' dir='ltr'>habitos,</span> <span class='ocrx_word' id='word_1_147' title='bbox 1219 3378 1348 3478; x_wconf 87' lang='lat' dir='ltr'>jurgiis</span> 
     </span>
     <span class='ocr_line' id='line_1_24' title="bbox 361 3491 1348 3595; baseline 0.004 -25"><span class='ocrx_word' id='word_1_148' title='bbox 361 3521 403 3570; x_wconf 84' lang='lat' dir='ltr'>ac</span> <span class='ocrx_word' id='word_1_149' title='bbox 420 3491 543 3568; x_wconf 89' lang='lat' dir='ltr'>litibus</span> <span class='ocrx_word' id='word_1_150' title='bbox 568 3516 805 3592; x_wconf 86' lang='lat' dir='ltr'>temperatum</span> <span class='ocrx_word' id='word_1_151' title='bbox 812 3528 824 3583; x_wconf 79' lang='lat'>3</span> <span class='ocrx_word' id='word_1_152' title='bbox 847 3495 984 3569; x_wconf 69' lang='lat' dir='ltr'>vinsiis</span> <span class='ocrx_word' id='word_1_153' title='bbox 1005 3523 1154 3595; x_wconf 91' lang='lat' dir='ltr'>quoque</span> <span class='ocrx_word' id='word_1_154' title='bbox 1172 3498 1293 3573; x_wconf 89' lang='lat' dir='ltr'>demta</span> <span class='ocrx_word' id='word_1_155' title='bbox 1308 3499 1348 3574; x_wconf 90' lang='lat' dir='ltr'>in</span> 
     </span>
     <span class='ocr_line' id='line_1_25' title="bbox 361 3613 1348 3717; baseline 0.003 -26"><span class='ocrx_word' id='word_1_156' title='bbox 361 3641 421 3691; x_wconf 88' lang='lat' dir='ltr'>eos</span> <span class='ocrx_word' id='word_1_157' title='bbox 441 3613 517 3689; x_wconf 88' lang='lat' dir='ltr'>dies</span> <span class='ocrx_word' id='word_1_158' title='bbox 536 3613 697 3702; x_wconf 83' lang='lat' dir='ltr'>vincula3</span> <span class='ocrx_word' id='word_1_159' title='bbox 726 3615 889 3714; x_wconf 86' lang='lat' dir='ltr'>religioni</span> <span class='ocrx_word' id='word_1_160' title='bbox 912 3615 1043 3688; x_wconf 91' lang='lat' dir='ltr'>deinde</span> <span class='ocrx_word' id='word_1_161' title='bbox 1066 3614 1181 3704; x_wconf 82' lang='lat' dir='ltr'>fuisse,</span> <span class='ocrx_word' id='word_1_162' title='bbox 1213 3618 1348 3717; x_wconf 88' lang='lat' dir='ltr'>quibus</span> 
     </span>
     <span class='ocr_line' id='line_1_26' title="bbox 360 3734 1347 3836; baseline 0 -24"><span class='ocrx_word' id='word_1_163' title='bbox 360 3763 439 3813; x_wconf 85' lang='lat' dir='ltr'>eam</span> <span class='ocrx_word' id='word_1_164' title='bbox 456 3763 563 3836; x_wconf 90' lang='lat' dir='ltr'>opem</span> <span class='ocrx_word' id='word_1_165' title='bbox 578 3735 642 3812; x_wconf 92' lang='lat' dir='ltr'>Dii</span> <span class='ocrx_word' id='word_1_166' title='bbox 661 3734 829 3824; x_wconf 81' lang='lat' dir='ltr'>tulissent,</span> <span class='ocrx_word' id='word_1_167' title='bbox 861 3735 1000 3810; x_wconf 83' lang='lat' dir='ltr'>vinciri.</span> <span class='ocrx_word' id='word_1_168' title='bbox 1050 3736 1197 3810; x_wconf 89' lang='lat' dir='ltr'>Interim</span> <span class='ocrx_word' id='word_1_169' title='bbox 1214 3740 1261 3812; x_wconf 92' lang='lat' dir='ltr'>ad</span> <span class='ocrx_word' id='word_1_170' title='bbox 1276 3742 1347 3812; x_wconf 88' lang='lat' dir='ltr'>Ve-</span> 
     </span>
     <span class='ocr_line' id='line_1_27' title="bbox 355 3855 1348 3958; baseline 0.001 -26"><span class='ocrx_word' id='word_1_171' title='bbox 355 3858 412 3957; x_wconf 89' lang='lat' dir='ltr'>jos</span> <span class='ocrx_word' id='word_1_172' title='bbox 428 3880 537 3933; x_wconf 91' lang='lat' dir='ltr'>terror</span> <span class='ocrx_word' id='word_1_173' title='bbox 564 3857 754 3958; x_wconf 84' lang='lat' dir='ltr'>multiplex</span> <span class='ocrx_word' id='word_1_174' title='bbox 770 3855 841 3931; x_wconf 86' lang='lat' dir='ltr'>fuit</span> <span class='ocrx_word' id='word_1_175' title='bbox 848 3889 860 3945; x_wconf 85' lang='lat'>3</span> <span class='ocrx_word' id='word_1_176' title='bbox 894 3855 1010 3932; x_wconf 90' lang='lat' dir='ltr'>tribus</span> <span class='ocrx_word' id='word_1_177' title='bbox 1036 3856 1074 3929; x_wconf 93' lang='lat' dir='ltr'>in</span> <span class='ocrx_word' id='word_1_178' title='bbox 1101 3881 1218 3931; x_wconf 90' lang='lat' dir='ltr'>unum</span> <span class='ocrx_word' id='word_1_179' title='bbox 1245 3858 1348 3935; x_wconf 87' lang='lat' dir='ltr'>bellis</span> 
     </span>
     <span class='ocr_line' id='line_1_28' title="bbox 361 3977 1348 4077; baseline 0.003 -26"><span class='ocrx_word' id='word_1_180' title='bbox 361 3977 520 4052; x_wconf 90' lang='lat' dir='ltr'>conlatis.</span> <span class='ocrx_word' id='word_1_181' title='bbox 587 3981 757 4077; x_wconf 87' lang='lat' dir='ltr'>Namque</span> <span class='ocrx_word' id='word_1_182' title='bbox 790 3979 932 4066; x_wconf 91' lang='lat' dir='ltr'>eodem,</span> <span class='ocrx_word' id='word_1_183' title='bbox 973 4003 1050 4075; x_wconf 90' lang='lat' dir='ltr'>quo</span> <span class='ocrx_word' id='word_1_184' title='bbox 1080 3999 1195 4065; x_wconf 89' lang='lat' dir='ltr'>antea,</span> <span class='ocrx_word' id='word_1_185' title='bbox 1218 3980 1348 4054; x_wconf 83' lang='lat' dir='ltr'>modo</span> 
     </span>
     <span class='ocr_line' id='line_1_29' title="bbox 361 4095 1347 4198; baseline 0.002 -26"><span class='ocrx_word' id='word_1_186' title='bbox 361 4095 455 4172; x_wconf 90' lang='lat' dir='ltr'>circa</span> <span class='ocrx_word' id='word_1_187' title='bbox 483 4097 720 4188; x_wconf 88' lang='lat' dir='ltr'>munimenta,</span> <span class='ocrx_word' id='word_1_188' title='bbox 755 4123 873 4197; x_wconf 92' lang='lat' dir='ltr'>quum</span> <span class='ocrx_word' id='word_1_189' title='bbox 895 4120 1040 4195; x_wconf 92' lang='lat' dir='ltr'>repente</span> <span class='ocrx_word' id='word_1_190' title='bbox 1064 4100 1260 4198; x_wconf 87' lang='lat' dir='ltr'>Capenates</span> <span class='ocrx_word' id='word_1_191' title='bbox 1280 4100 1347 4174; x_wconf 86' lang='lat' dir='ltr'>Fa·</span> 
     </span>
    </p>
   </div>
   <div class='ocr_carea' id='block_1_5' title="bbox 0 0 1538 5342">
    <p class='ocr_par' dir='ltr' id='par_1_5' title="bbox 0 0 1538 5342">
     <span class='ocr_line' id='line_1_30' title="bbox 0 0 1538 5342; baseline 0 0"><span class='ocrx_word' id='word_1_192' title='bbox 0 0 1538 5342; x_wconf 95' lang='lat' dir='ltr'> </span> 
     </span>
    </p>
   </div>
  </div>
 </body>
</html>
