3067 5342
380 621 450 716 318
713 615 1030 690 T.Lrvrt

376 785 644 888 “triumphum
671 807 801 888 petere.
849 793 1039 890 Qantum
1069 785 1244 861 interesset
1270 784 1362 862 inter

375 916 401 948 “
419 908 700 982 moderationem
717 906 965 1008 antiquorum,
996 911 1031 982 az
1053 931 1184 981 novam
1207 904 1362 1004 superbi-

377 1037 402 1070 “
420 1053 479 1102 am
510 1027 842 1128 crudelitatemque.
892 1027 1114 1113 Dictatorem
1145 1023 1363 1128 Qrinfflum

377 1147 678 1224 “Cincinnatum
702 1147 739 1222 in
779 1152 826 1224 L.
859 1148 1072 1223 Minucium
1095 1145 1292 1232 consulem,
1317 1171 1364 1219 ex

346 1317 348 1324 ,
377 1277 403 1310 “
422 1266 605 1342 obfidione
645 1294 666 1342 a
696 1267 729 1342 se
761 1291 936 1367 ereptum,
975 1295 1049 1343 non
1087 1269 1180 1344 ultra
1210 1263 1361 1354 saeviffe,

377 1397 402 1431 “
422 1412 532 1485 quam
556 1408 599 1462 ut
623 1389 781 1488 legatum
809 1414 894 1463 eum
916 1390 962 1462 ad
979 1387 1177 1464 exercitum
1193 1411 1259 1488 pro
1275 1411 1362 1461 con·

377 1517 403 1550 “
421 1505 494 1582 sule
518 1506 742 1608 relinqueret.
793 1511 853 1584 Μ.
871 1509 1023 1584 Furium
1043 1507 1237 1584 Camillum
1253 1503 1293 1580 in
1314 1507 1362 1579 Ι..

375 1637 401 1670 “
421 1626 545 1717 Furio,
575 1627 654 1727 qui,
682 1648 861 1704 contemta
876 1627 937 1702 sua
953 1627 1130 1704 seneelute
1153 1633 1187 1703 a
1209 1623 1362 1701 auetori-

376 1756 401 1790 “
421 1767 504 1833 tate,
548 1745 747 1824 foediffrmo
777 1775 863 1824 cum
889 1773 1020 1824 eventu
1046 1751 1244 1850 pugnalset,
1288 1773 1362 1822 non

377 1864 536 1942 “solum
568 1865 606 1942 in
636 1867 828 1966 praesentia
852 1869 1077 1942 moderatum
1108 1869 1178 1944 irae
1207 1871 1289 1956 effe,
1314 1893 1361 1941 ne

378 1996 404 2029 “
423 1985 514 2084 quid
531 1987 576 2062 de
594 1989 731 2087 collega
744 1987 841 2063 secus
857 1991 993 2088 populo
1008 2011 1071 2062 aut
1085 1986 1219 2064 senatui
1234 1987 1362 2064 scribe·

376 2119 403 2153 “
421 2129 494 2197 ret;
528 2107 601 2197 sed,
633 2135 748 2208 quum
775 2108 976 2197 revertilset‚
999 2109 1218 2208 potiffimum
1237 2135 1284 2182 ex
1299 2106 1361 2182 tri·

378 2239 403 2272 “
423 2227 530 2303 bunis
548 2225 791 2303 consularibus
807 2228 978 2319 habuiffe,
1009 2255 1119 2328 quem
1133 2256 1180 2304 ex
1203 2225 1362 2326 collegis,

377 2357 403 2391 “
422 2345 569 2443 optione
587 2350 631 2421 ab
648 2346 767 2422 senatu
782 2349 875 2436 data,
902 2347 1039 2424 socium
1061 2347 1124 2424 fibi
1143 2347 1283 2448 imperii
1297 2349 1361 2423 de-

377 2475 402 2509 “
420 2465 555 2566 legerit.
605 2469 703 2542 Nam
742 2467 868 2566 populi
910 2467 1074 2567 quidem,
1110 2495 1217 2567 penes
1249 2492 1361 2566 quem

375 2596 401 2630 ‘⁶
418 2585 568 2685 potestas
587 2585 752 2660 omnium
779 2613 897 2662 rerum
911 2591 1007 2676 effet,
1033 2615 1078 2663 ne
1094 2587 1183 2662 itam
1208 2588 1361 2687 quidem

377 2717 597 2805 “umquam
622 2707 831 2782 atrociorem
847 2707 948 2784 fuiffe
965 2708 1003 2784 in
1032 2736 1105 2797 eos,
1131 2709 1197 2807 qui
1220 2706 1360 2784 temeri-

377 2835 490 2902 “tate
512 2847 619 2924 atque
646 2825 786 2902 inscitia
813 2827 988 2904 exercitus
1018 2829 1218 2918 amisrffent,
1249 2853 1361 2926 quam

376 2957 463 3022 “ut
489 2945 642 3044 pecunia
674 2973 733 3022 eos
762 2950 939 3024 multaret.
988 2948 1115 3049 Capite
1145 2949 1363 3048 anquisitum

377 3077 403 3111 “
421 3070 470 3143 ob
486 3092 560 3144 rem
578 3069 671 3142 bello
696 3069 787 3144 male
811 3069 945 3170 gestam
961 3071 1007 3144 de
1032 3069 1243 3170 imperatore
1260 3069 1363 3142 nullo

376 3189 561 3264 “adeam
584 3187 681 3262 diem
699 3190 777 3263 else.
828 3192 940 3265 Nunc
958 3189 1114 3264 ducibus
1136 3187 1263 3288 populi
1282 3190 1362 3262 Ro·

377 3319 403 3352 “
421 3307 532 3398 mani,
559 3333 718 3406 quaene
744 3307 847 3384 violis
876 3309 1026 3407 quidem
1043 3310 1139 3384 bello
1163 3307 1213 3384 fas
1239 3305 1362 3394 fuerit,

378 3437 404 3470 “
421 3427 535 3527 virgas
561 3427 748 3504 &secures
771 3427 978 3518 victoribus,
1009 3433 1043 3502 δι
1061 3429 1264 3525 justiffimos
1286 3453 1362 3502 me-

377 3557 401 3590 “
421 3545 494 3624 ritis
512 3546 710 3646 triumphos
736 3548 912 3624 intentari.
961 3548 1066 3650 Qrid
1091 3549 1190 3624 erum
1213 3550 1361 3622 tandem

378 3678 403 3711 ‘⁴
421 3669 601 3765 parsurum
617 3666 717 3742 fuille
736 3667 855 3744 lilium
875 3668 993 3757 suum,
1019 3668 1257 3745 fiexercitum
1273 3666 1361 3742 arni·

377 3799 403 3832 “
422 3790 523 3864 fiffet:
558 3792 582 3862 sr
609 3787 719 3876 fusus,
749 3787 907 3889 fugatus,
933 3789 1050 3866 castris
1073 3811 1203 3866 exutus
1220 3788 1360 3864 fullsetl

378 3919 496 4006 “quo
519 3911 612 3982 ultra
633 3907 721 3984 iram
747 3908 1027 4010 violentiamque
1042 3910 1127 4011 ejus·
1141 3911 1358 3986 excessuram

379 4039 403 4072 “
422 4025 536 4117 fuiffe,
560 4053 669 4127 quam
686 4049 728 4102 ut
743 4033 941 4106 verberaret
952 4034 1187 4132 uetaretque?
1237 4035 1359 4132 Qram
