3067 5342
451 696 685 770 L1nnn
742 697 824 771 Vll.
1069 724 1138 798 217

156 879 184 916 “
199 871 263 960 est,
297 893 407 968 quem
422 861 559 946 nietam
576 869 682 944 armis
698 867 835 945 socium
861 895 907 944 ex
932 868 1029 944 hoste
1056 869 1140 946 faci-

156 1003 184 1091 “.
201 1017 251 1066 as.
305 993 347 1064 ln
373 991 505 1065 belluas
532 989 736 1066 strinximus
763 990 907 1066 ferrum.
958 989 1140 1064 Haurien-

155 1122 183 1155 “
201 1113 284 1197 dus,
322 1129 384 1185 aut
411 1112 552 1185 dandus
583 1111 634 1184 est
666 1110 817 1210 sanguis.
883 1110 1092 1208 Propulistis
1121 1139 1143 1186 a

156 1243 183 1276 “
202 1230 334 1319 castris,
359 1229 485 1328 supina
514 1233 603 1306 valle
636 1231 845 1330 praecipites
873 1231 1005 1330 egistis,
1031 1231 1141 1306 stratis

154 1349 410 1449 “corporibus
436 1349 591 1425 hostium
617 1351 824 1451 superstatis.
875 1353 1062 1449 Complete
1085 1377 1140 1426 ea-

155 1483 182 1517 “
202 1473 287 1546 dem
318 1471 430 1570 strage
468 1497 626 1570 campos,
681 1497 753 1570 qua
793 1491 932 1546 montes
973 1471 1140 1568 replestis.

155 1591 329 1666 “Nolite
361 1589 571 1688 exspectare,
616 1592 704 1665 dum
735 1591 862 1666 stantes
894 1618 957 1667 vos
990 1590 1141 1692 fugiant.

154 1724 183 1758 “
202 1712 391 1788 Inserenda
407 1711 488 1786 sunt
503 1716 609 1812 figna,
640 1717 674 1786 δι
690 1714 898 1787 vadendum
915 1711 953 1786 in
969 1713 1141 1789 hostem.”

152 1833 231 1908 His
262 1832 567 1909 adhortationibus
601 1830 731 1907 iterum
757 1835 868 1907 coorti
897 1834 1036 1932 pellunt
1061 1835 1142 1909 loco

155 1953 293 2054 primos
321 1953 523 2052 manipulos
552 1955 738 2028 Gallorum
745 1984 757 2041 3
788 1953 911 2029 cuneis
938 1952 1069 2028 deinde
1102 1955 1141 2029 in
1213 2035 1217 2044 ,

152 2075 322 2150 medium
342 2100 471 2174 agmen
495 2094 740 2173 perrumpunt.
790 2074 879 2148 lnde
896 2075 1031 2150 barbari
1049 2075 1142 2150 diffi-

153 2194 246 2294 pati,
274 2193 409 2292 quibus
424 2220 490 2269 nec
508 2216 601 2268 certa
617 2193 777 2293 imperia,
809 2219 875 2268 nec
893 2194 1002 2270 duces
1020 2197 1140 2285 effent,

153 2335 301 2389 vertunt
317 2313 481 2413 inpetum
501 2313 540 2388 in
555 2312 651 2401 suos;
686 2313 824 2412 fusaque
834 2339 903 2413 per
918 2339 1076 2415 campos,
1106 2323 1142 2393 ὅτ

152 2453 294 2532 praeter
305 2433 413 2508 castra
428 2433 535 2508 etiam
552 2433 614 2507 sua
626 2432 712 2534 fuga
727 2433 884 2532 praelati,
909 2436 1010 2534 quod
1024 2436 1151 2512 editis·

153 2558 288 2630 fimum
308 2553 401 2628 inter
423 2555 586 2652 aequales
609 2555 766 2628 tumulos
787 2557 998 2630 obcurrebat
1014 2557 1141 2648 oculis,

151 2701 275 2751 artem
292 2677 471 2750 Albanam
491 2695 629 2772 petunt.
679 2673 826 2763 Consul,
861 2701 933 2766 non
956 2677 1047 2752 ultra
1072 2677 1142 2752 cas-

153 2793 415 2883 trainsecutus,
446 2794 548 2892 (quia
561 2799 597 2869 a
612 2794 743 2869 vulnus
755 2795 980 2894 degravabat,
1012 2795 1140 2872 &sub-

147 2913 262 3011 jicere
292 2913 490 2989 exercitum
513 2939 636 3013 pugna
657 2912 782 2988 felium
805 2913 954 2989 tumulis
976 2919 1020 2992 ab
1043 2918 1142 2994 hoste

155 3033 343 3133 occupatis
366 3036 524 3128 nolebat)
551 3035 682 3132 praeda
697 3033 796 3108 omni
821 3034 1013 3110 castrorum
1036 3037 1142 3112 militi

154 3157 254 3243 data,
286 3153 458 3228 vidorem
484 3152 695 3240 exercitum,
728 3155 1012 3252 opulentumque
1030 3157 1142 3232 Galli·

155 3274 210 3350 cis
236 3272 368 3372 spoliis,
403 3277 561 3348 Romam
586 3273 739 3348 reduxit.
790 3277 935 3350 Moram
958 3275 1143 3376 triumpho

155 3397 292 3469 vulnus
308 3393 459 3469 consulis
479 3393 619 3468 adtulit.
670 3396 879 3494 Eademque
903 3397 1017 3470 cauffa
1032 3395 1143 3472 dieta-

157 3511 244 3588 toris
257 3513 468 3588 defiderium
485 3513 616 3588 senatui
635 3512 732 3602 fecit,
762 3537 804 3588 nt
820 3517 915 3604 effet,
950 3514 1013 3615 qui
1031 3517 1143 3616 aegris

157 3632 365 3709 consulibus
388 3628 534 3708 comitia
560 3635 712 3708 haberet.
764 3633 928 3709 Didtator
946 3639 993 3710 L.
1012 3639 1141 3713 Furius

158 3753 334 3828 Camillus
366 3753 495 3841 didus,
540 3751 663 3826 addito
694 3751 861 3852 magistro
892 3755 1057 3852 equitum
1100 3763 1140 3832 P.

160 3873 329 3948 Cornelio
342 3873 520 3973 Scipione,
550 3873 706 3950 reddidit
726 3873 889 3949 Patribus
903 3877 1140 3972 poffeffionem

160 3993 344 4093 pristinam
360 3993 571 4070 consulatus.
622 3993 698 4094 Ipse
714 3997 763 4069 ob
781 3993 818 4069 id
833 3993 1000 4070 meritum
1019 3995 1141 4096 ingen·
