3067 5342
382 622 450 721 156
712 618 1029 692 T.L1v11

377 794 529 891 vulgum
543 796 744 890 quaesierat.
795 792 902 867 Forte
918 790 968 867 ita
983 788 1129 879 incidit,
1158 809 1214 876 ut,
1245 786 1283 861 in
1295 788 1361 861 Ser.

376 909 527 1011 Sulpicii
557 911 694 987 tribuni
726 910 884 987 militum
919 914 1030 989 domo
1063 911 1201 986 sorores
1236 906 1362 983 Fabiae

375 1058 492 1131 quum
518 1031 609 1106 inter
636 1030 670 1105 se
701 1038 759 1131 (ut
783 1034 838 1129 fit)
872 1030 1094 1109 sermonibus
1117 1054 1263 1128 tempus
1280 1050 1363 1102 tere-

376 1172 466 1239 rent,
498 1150 601 1226 lidtor
624 1150 789 1253 Sulpicii,
823 1178 938 1252 quum
956 1150 985 1229 is
999 1155 1045 1227 de
1062 1152 1145 1227 foro
1163 1151 1197 1225 se
1216 1151 1364 1223 domum

376 1270 558 1371 reciperet,
593 1271 706 1346 forem
738 1278 796 1371 (ut
825 1300 903 1348 mos
934 1274 999 1369 est)
1024 1274 1128 1373 virga
1156 1287 1363 1370 percuteret

376 1395 504 1493 Qum
526 1393 572 1465 ad
595 1390 648 1479 id,
681 1392 790 1467 moris
807 1393 881 1490 ejus
898 1393 1045 1483 insueta,
1079 1389 1278 1491 expavisset
1300 1386 1363 1461 mi·

376 1537 442 1586 nor
458 1510 582 1599 Fabia,
615 1510 698 1585 risui
723 1511 830 1587 sorori
860 1512 943 1603 suit,
970 1513 1114 1589 miranti
1140 1512 1306 1611 ignorare
1329 1504 1365 1577 id

376 1630 539 1706 sororem.
589 1632 759 1707 Ceterum
774 1633 802 1707 is
819 1632 904 1707 risus
927 1632 1087 1708 stimulos
1104 1629 1227 1733 parvis
1242 1624 1364 1703 mobili

376 1754 482 1827 rebus
508 1751 630 1826 animo
656 1752 824 1827 muliebri
841 1752 1019 1828 subdidit:
1051 1749 1259 1851 frequentia
1279 1772 1366 1844 quo-

376 1894 447 1969 que
477 1871 768 1972 prosequentium
799 1870 1088 1973 rogantiumque,
1126 1883 1152 1915 “
1183 1864 1364 1965 numquid

376 2004 402 2037 “
420 1995 526 2075 vellet
534 1995 571 2067 ?''
604 1994 712 2068 credo
731 1992 953 2068 fortunatum
970 1991 1249 2067 matrimonium
1267 1987 1299 2061 ei
1314 1984 1363 2059 so-

375 2112 461 2187 roris
484 2111 620 2198 visum3
655 2110 781 2212 suique
806 2112 915 2211 ipsam
931 2115 1025 2187 malo
1048 2112 1211 2201 arbitri0‚
1246 2132 1365 2207 quoa

375 2231 548 2329 proximis
571 2229 722 2330 quisque
743 2232 894 2307 minime
909 2230 1033 2309 anteiri
1048 2236 1140 2320 vult,
1171 2224 1364 2331 poenituis-

375 2350 420 2425 se.
470 2348 666 2425 Confusam
682 2376 762 2425 eam
776 2378 820 2426 ex
835 2352 966 2427 recenti
983 2351 1101 2427 morsu
1119 2350 1236 2426 animi
1251 2372 1362 2447 quum

376 2492 474 2570 pater
483 2470 571 2545 forte
584 2471 738 2561 vidisset,
761 2476 1024 2570 pereundams,
1043 2483 1068 2515 “
1088 2470 1190 2546 satin’
1208 2466 1362 2545 salvae?”

375 2612 590 2667 avertentem
608 2594 761 2667 cauffam
784 2592 916 2667 doloris
947 2590 1098 2691 (quippe
1117 2620 1185 2667 nec
1204 2588 1284 2665 satis
1307 2584 1359 2684 pi·

375 2738 433 2786 am
463 2711 627 2787 adversus
653 2710 821 2801 sororem,
852 2738 917 2786 nec
945 2714 1144 2787 admodum
1179 2712 1219 2785 in
1245 2710 1360 2785 virum

375 2832 625 2929 honorificam)
658 2832 783 2907 elicuit
800 2832 948 2907 comiter
970 2830 1193 2920 sciscitando,
1219 2851 1261 2905 ut
1278 2826 1359 2901 sate-

375 2976 483 3042 retur,
514 2980 593 3027 eam
624 2956 691 3029 effe
725 2956 878 3028 caussam
910 2951 1054 3040 doloris,
1106 2954 1212 3049 quod
1238 2950 1361 3047 jundai

376 3074 489 3172 inpari
503 3077 598 3163 esset,
628 3095 741 3172 nupta
751 3071 789 3149 in
807 3075 929 3161 domo,
959 3100 1068 3172 quam
1086 3100 1152 3147 nec
1166 3074 1283 3148 honos
1296 3091 1359 3142 nec

376 3194 486 3294 gratia
502 3194 629 3269 intrare
645 3196 767 3291 pollet.
818 3192 1010 3268 Consolans
1028 3192 1112 3267 inde
1132 3192 1246 3267 filiam
1270 3192 1357 3263 Am-

374 3316 498 3390 bustus
508 3318 646 3389 bonum
662 3314 825 3388 animum
842 3316 970 3390 habere
979 3316 1092 3411 jussit:
1120 3312 1265 3389 eosdem
1280 3334 1357 3409 pro·
1378 3407 1383 3416 Ι

373 3461 419 3533 pe
432 3433 529 3507 diem
553 3434 653 3507 domi
669 3432 823 3509 visuram
840 3436 1004 3523 honores,
1033 3462 1123 3536 quos
1147 3436 1247 3531 apud
1267 3429 1355 3504 soro-

376 3580 450 3628 rem
467 3552 597 3627 videat.
648 3556 736 3628 Inde
760 3554 901 3628 consilia
918 3554 1006 3629 inire
1024 3580 1109 3630 cum
1127 3580 1259 3654 genero
1278 3573 1354 3624 coe-

373 3674 440 3773 pit,
470 3672 632 3749 adhibito
660 3676 706 3748 L.
729 3674 863 3763 sextio,
895 3674 1036 3749 strenuo
1059 3673 1291 3759 adolescente,
1320 3672 1350 3739 δι

373 3798 474 3894 cujus
496 3794 569 3894 spei
594 3794 685 3871 nihil
722 3818 858 3893 praeter
892 3820 1003 3895 genus
1039 3794 1231 3894 patricium
1259 3784 1350 3867 dees·

375 3916 434 3991 set.
