3067 5342
429 729 854 804 LrttanVIl..
1074 739 1137 826 ‘¹9¹

162 890 280 992 fuisse,
309 901 388 978 satis
414 905 561 993 constat,
589 904 857 1004 &magistrum
886 899 1051 1001 equitum
1073 906 1144 978 Seri

163 1022 374 1098 Cornelium
399 1023 698 1124 Maluginensem.
749 1027 874 1098 Macer
897 1021 1061 1097 Licinius
1085 1047 1144 1096 co-

159 1142 349 1218 mitiorum
365 1145 612 1218 habendorum
628 1146 754 1232 caussa,
783 1148 817 1217 lle
834 1146 879 1217 ab
896 1140 1041 1215 Licinio
1059 1168 1144 1216 con·

161 1261 238 1336 sule
261 1261 401 1338 dictum
427 1261 558 1351 scribit,
590 1263 687 1362 quia,
722 1266 857 1362 collega
880 1260 1026 1337 comitia
1051 1262 1145 1335 bello
1255 1259 1256 1264 ’

160 1381 334 1481 praeferre
361 1381 556 1472 festinante,
589 1404 631 1457 ut
658 1383 880 1458 continuaret
909 1381 1144 1468 consulatum,

162 1502 490 1578 obviam-eundum
514 1513 637 1601 pravae
653 1501 842 1602 cupiditati
859 1500 976 1575 fiterit.
1026 1505 1145 1603 Qrae·

162 1627 227 1697 fita
248 1649 288 1698 ea
311 1621 472 1721 propriae
500 1621 652 1696 familiae
669 1625 744 1696 laus
768 1623 938 1697 leviorem
965 1623 1145 1694 austorem

162 1740 354 1817 Licinium
383 1740 478 1817 sacit.
528 1747 657 1845 Qrum
682 1743 902 1818 mentionem
928 1744 1002 1839 ejus
1027 1739 1076 1815 tei
1107 1739 1144 1812 in

160 1859 418 1936 ,vetustioribus
434 1861 619 1937 annalibus
638 1864 773 1936 nullam
791 1861 984 1949 inveniam,
1018 1859 1144 1960 magis,

161 2004 209 2054 ut
224 1981 308 2056 belli
322 1980 453 2056 Gallici
464 1983 576 2055 caussa
590 1980 797 2055 didatorem
814 2001 970 2055 creatum
987 1979 1144 2068 arbitrer,

164 2099 313 2174 inclinat
327 2099 478 2175 animus.
529 2103 585 2174 Eo
607 2121 700 2175 certe
715 2127 810 2175 anno
827 2099 922 2175 Galli
939 2101 985 2173 ad
999 2098 1144 2173 tertium

162 2219 321 2318 lapidem
347 2219 476 2294 Salaria
500 2218 557 2293 via
583 2240 674 2294 trans
700 2240 847 2316 pontem
871 2218 1022 2293 Anienis
1037 2218 1146 2293 castra

162 2341 332 2414 habuere.
381 2337 556 2427 Didator,
580 2365 695 2437 quum
712 2340 887 2413 tumultus
900 2337 1032 2414 Gallici
1049 2336 1145 2413 caus-

165 2457 391 2554 sajustitium
407 2458 580 2547 edixisset,
613 2483 736 2533 omnes
756 2457 915 2554 juniores
932 2457 1146 2533 sacramento

163 2576 298 2676 adegit,
332 2577 542 2678 ingentique
575 2579 732 2653 exercitu
761 2582 807 2654 ab
833 2581 921 2653 urbe
954 2576 1145 2675 prosedus,

165 2697 205 2772 in
228 2697 388 2773 citeriore
415 2697 490 2797 ripa
504 2697 655 2772 Anienis
680 2698 788 2773 castra
813 2696 940 2797 posuit.
991 2700 1084 2769 Pons
1106 2695 1145 2770 in

165 2817 290 2892 medio
313 2837 398 2907 erat,
432 2816 563 2892 neutris
580 2843 664 2892 eum
687 2816 948 2916 rumpentibus,
978 2841 1023 2890 ne
1040 2814 1145 2890 timo-

166 2937 214 3012 ris
229 2937 408 3012 indicium
434 2940 528 3012 esset.
578 2936 715 3012 Proelia
737 2939 782 3010 de
804 2936 1014 3035 occupando
1037 2956 1145 3035 ponte

168 3059 289 3130 crebra
312 3077 428 3143 erant;
456 3083 536 3144 nec,
561 3055 626 3153 qui
652 3055 861 3154 potirentur,
893 3054 1034 3131 incertis
1062 3056 1144 3130 viri-

167 3179 248 3264 bus,
274 3174 353 3249 satis
370 3175 521 3250 discerni
534 3195 679 3274 poterat.
729 3179 830 3250 Turn
847 3175 979 3250 eximia
991 3175 1145 3274 corporis

168 3294 416 3393 magnitudine
443 3295 482 3368 in
506 3321 661 3369 vacuum
688 3317 835 3394 pontem
862 3297 984 3370 Gallus
1011 3294 1145 3394 proces·

169 3417 224 3502 fit3
259 3420 307 3502 δι,
334 3435 511 3514 quantum
533 3413 689 3488 maxima
712 3441 801 3489 voce
818 3414 948 3514 potuit,
980 3425 1006 3458 “
1024 3420 1146 3516 Qtenr

172 3545 196 3576 “
215 3537 350 3621 nunc,''
382 3533 515 3632 inquit,
545 3545 571 3578 “
582 3536 708 3631 ¹Roma
718 3534 836 3608 virum
853 3534 1075 3610 fortissimum
1085 3536 1146 3608 ha·

172 3663 197 3696 ‘⁴
216 3657 288 3743 bet,
318 3655 500 3752 procedat,
527 3655 696 3753 agedum,
722 3656 768 3727 ad
783 3677 954 3753 pugnam,
979 3674 1021 3727 ut
1032 3655 1151 3728 noster·
1266 3663 1268 3673 '

174 3774 373 3848 “duorum
400 3796 546 3848 eventus
573 3773 745 3862 ostendat,
778 3793 858 3848 utra
876 3793 961 3872 gens
986 3774 1081 3846 bello
1109 3776 1147 3847 srt

174 3901 199 3936 ‘⁴
215 3892 374 3966 melior.''

226 4014 274 4088 X.
306 4011 384 4086 Diu
411 4010 502 4087 inter
517 4012 686 4111 primores
706 4013 883 4109 juvenum
899 4013 1147 4085 Romanorum

178 4130 349 4208 silentium
370 4131 452 4222 suit,
485 4134 659 4231 quum&
681 4137 835 4211 abnuere
860 4151 1036 4208 certamen
1054 4155 1148 4206 vere·
