3067 5342
353 923 897 1008 'TITILIVII

245 1140 291 1235 P
353 1137 395 1233 A
467 1138 512 1233 T
562 1137 603 1234 A
675 1138 715 1234 V
775 1136 806 1233 I
865 1136 921 1232 N
981 1132 1012 1229 I

440 1372 598 1445 muru
622 1370 832 1445 sextus

142 1470 336 1651 [ΟΜ
354 1548 400 1621 ab
417 1544 563 1620 condita
574 1548 664 1622 urbe
681 1549 804 1621 Roma
812 1548 858 1621 ad
869 1563 1011 1643 captam
1025 1568 1121 1617 eam·

143 1668 224 1741 dem
234 1668 362 1741 urbem
372 1664 532 1739 Romani
545 1664 611 1742 sub
627 1667 771 1767 regibus
784 1666 956 1767 primum,
974 1662 1125 1739 consuli-

143 1790 208 1863 bus
221 1784 351 1861 deinde
369 1812 409 1861 ac
427 1784 673 1875 metatoribus,
705 1784 985 1884 decemvirisque
1003 1811 1043 1860 ac
1065 1782 1125 1857 tri·

144 1906 250 1983 bunis
261 1904 505 1982 consularibus
519 1908 662 2005 geffere,
692 1906 777 1981 foris
795 1908 899 1995 bella,
923 1903 1024 1980 domi
1038 1900 1127 1977 sedi-

142 2026 268 2116 tiones,
282 2025 446 2125 quinque
460 2024 558 2101 libris
575 2026 722 2126 exposui
729 2059 742 2115 3
761 2053 813 2101 res
827 2051 943 2125 quum
956 2023 1126 2100 vetustate

141 2147 253 2221 nimia
271 2145 449 2235 obscuras,
480 2148 579 2221 velut
601 2174 693 2246 quae
720 2174 854 2248 magno
876 2174 921 2221 ex
942 2146 1125 2221 intervallo

140 2266 209 2341 loci
225 2266 289 2340 vix
305 2287 516 2353 cernuntur;
544 2288 624 2341 tum
641 2270 743 2367 quod
757 2296 883 2369 parvae
901 2272 936 2343 δι
953 2292 1046 2342 rarae
1064 2291 1126 2365 per

141 2390 265 2462 eudem
289 2408 449 2486 tempora
470 2384 588 2461 literae
606 2386 717 2477 fuere,
745 2416 819 2464 una
835 2387 996 2464 custodia
1009 2386 1125 2461 fidelis

141 2506 332 2581 memoriae
345 2532 464 2581 rerum
479 2507 673 2607 gestarum:
692 2512 727 2583 δι
744 2510 860 2608 quod,
884 2508 1016 2583 etiamsi
1033 2532 1125 2605 quae

141 2626 179 2702 in
197 2626 461 2702 commentariis
485 2627 699 2726 pontificum
719 2628 866 2728 aliisque
879 2628 1034 2727 publicis
1054 2626 1125 2727 pri·

140 2746 297 2847 vatisque
308 2768 405 2823 erant
417 2748 673 2839 monumentis,
684 2748 824 2825 incensa
838 2752 927 2824 urbe
937 2752 1125 2847 pleraeque

139 2868 313 2944 interiere.
363 2869 518 2944 Clariora
528 2867 697 2969 deinceps
710 2870 929 2969 certioraque
943 2871 989 2944 ab
1001 2866 1126 2941 secun·

140 2992 187 3064 da
201 2988 354 3089 origine,
383 2992 482 3065 velut
497 2993 543 3066 ab
570 2988 739 3089 stirpibus
755 2990 881 3065 laetius
907 2984 1126 3085 feraciusque

142 3130 281 3191 renatae
295 3108 408 3199 urbis,
425 3110 521 3210 gestu
536 3109 638 3185 dorni
651 3110 872 3210 militiaeque
889 3126 1124 3210 exponentur.

139 3219 311 3305 Ceterum
325 3256 399 3329 quo
411 3230 528 3330 primo
538 3229 759 3305 adminiculo
774 3234 887 3305 erecta
896 3250 981 3319 erat,
995 3232 1124 3305 eodem

141 3348 255 3452 innisa
276 3352 336 3425 M.
354 3349 464 3424 Furio
480 3349 642 3450 principe
659 3351 763 3426 stetit.
814 3354 945 3451 Neque
964 3376 1049 3425 eum
1064 3352 1125 3425 ab·

139 3470 256 3545 dicare
267 3467 301 3544 se
315 3468 501 3560 dictatura,
513 3470 576 3545 nifi
586 3497 680 3546 anno
693 3473 923 3561 circumacto,
941 3474 1023 3573 pasfi
1033 3471 1125 3546 sunt.

140 3588 300 3666 Comitia
320 3588 358 3663 in
380 3588 625 3690 insequentem
646 3618 782 3667 armum
801 3592 963 3669 tribunos
982 3596 1125 3681 habere,

140 3737 298 3811 quorum
327 3710 367 3784 in
390 3710 593 3811 methatu
614 3733 717 3809 capta
731 3716 817 3789 urbs
833 3716 929 3803 effet,
956 3740 1029 3789 non
1051 3714 1125 3812 pla-

140 3831 234 3905 cuitz
254 3856 308 3905 res
324 3830 372 3905 ad
384 3829 628 3931 interregnum
642 3831 759 3908 rediit.
809 3838 937 3935 Qum
951 3832 1073 3908 civitas
1087 3832 1125 3907 in

141 3978 247 4050 opere
263 3977 304 4026 ac
318 3953 437 4025 labore
450 3953 584 4026 affiduo
595 3952 805 4028 reficiendae
819 3952 920 4029 urbis
936 3976 1124 4044 teneretur,

142 4071 286 4149 interim
300 4070 492 4175 QFabio,
509 4075 611 4147 simul
627 4073 787 4172 primum
806 4074 1009 4175 magistratu
1026 4076 1126 4165 abiit,

142 4198 187 4271 ab
203 4198 249 4271 C.
264 4192 409 4273 Marcio
421 4192 567 4269 tribuno
579 4194 695 4293 plebis
720 4194 817 4270 dicta
841 4194 917 4271 dies
936 4197 998 4287 est,
1027 4198 1129 4297 quod
