3067 5342
418 688 487 782 276
754 682 1068 758 T.Lrvrr

420 885 507 946 mes,
533 883 642 958 prope
669 857 791 934 intacti
814 859 947 934 evasere
954 892 966 947 3
998 878 1165 956 tantaque
1186 856 1295 930 caede
1319 881 1389 954 per·

420 1003 544 1076 rupere
561 1003 706 1067 cuneos,
736 1001 778 1054 ut
793 979 855 1053 vix
882 1001 1043 1077 quartam
1065 997 1199 1075 partem
1222 974 1392 1073 relinque-

422 1117 499 1172 rent
528 1097 694 1172 hostium.
744 1098 917 1172 Samnites
946 1121 1104 1195 quoque,
1133 1094 1198 1171 sub
1220 1094 1395 1170 radicibus

421 1215 552 1290 montis
576 1219 700 1314 procul
722 1215 894 1304 instnrdi,
924 1219 1114 1315 praebuere
1140 1235 1306 1291 terrorem
1328 1218 1394 1289 La-

422 1333 516 1410 tinis.
565 1337 734 1410 Ceterum
753 1335 843 1410 inter
856 1361 979 1410 omnes
994 1335 1089 1411 cives
1105 1333 1287 1434 sociosque
1303 1361 1396 1435 prae·

424 1453 531 1548 cipua
549 1457 623 1528 laus
640 1455 713 1551 ejus
730 1454 814 1530 belli
831 1481 938 1554 penes
954 1453 1113 1530 consules
1129 1454 1216 1530 fuitz
1246 1439 1399 1552 quonrm
1522 1544 1523 1553 ἵ

423 1577 509 1648 alter
524 1601 646 1649 omnes
663 1574 776 1650 minas
792 1573 1017 1674 periculaque
1033 1577 1078 1648 ab
1096 1573 1177 1648 Diis
1193 1572 1324 1670 superis
1346 1573 1398 1646 in·

424 1692 574 1791 ferisque
598 1693 635 1766 in
653 1692 685 1768 se
708 1720 824 1768 unum
854 1693 973 1768 vertit:
1009 1695 1094 1768 alter
1118 1719 1160 1768 ea
1185 1693 1315 1768 virmte
1342 1719 1400 1766 eo·

425 1839 496 1911 que
514 1813 657 1888 confilio
681 1813 718 1888 in
745 1813 879 1912 proelio
900 1812 982 1900 fuit,
1008 1834 1051 1886 ut
1067 1811 1170 1888 facile
1199 1813 1401 1887 convenerit

425 1931 517 2008 inter
533 1937 716 2010 Romanos
733 1931 964 2031 Latinosque,
993 1928 1056 2031 qui
1074 1933 1148 2028 ejus
1164 1959 1306 2032 pugnae
1327 1959 1400 2007 me·
1522 2012 1523 2021 χ

425 2051 574 2128 moriam
614 2051 756 2149 posteris
787 2051 1019 2140 tradiderunt,
1069 2051 1183 2126 utrius
1214 2050 1322 2151 partis
1353 2055 1399 2129 T.

426 2172 587 2246 Manlius
614 2174 689 2245 dux
717 2170 843 2258 millet,
882 2173 956 2267 ejus
982 2171 1137 2246 futuram
1168 2170 1402 2247 hauddubie

428 2288 528 2363 suille
556 2287 750 2364 videtiam.
800 2289 922 2366 Latini
953 2317 999 2364 ex
1028 2289 1115 2389 fuga
1142 2287 1175 2364 se
1198 2290 1403 2364 Minturnas

428 2409 663 2488 contulerunt.
718 2409 836 2484 Castra
861 2410 1057 2484 secundum
1086 2409 1261 2508 proelium
1290 2433 1404 2508 capta,

428 2526 605 2628 multique
639 2530 802 2602 mortales
843 2528 895 2604 ibi
935 2527 1008 2603 vivi
1039 2532 1201 2626 obpreffi,
1248 2529 1404 2604 maxime

428 2645 613 2748 Campani.
664 2646 771 2722 Decii
799 2673 926 2745 corpus
953 2675 998 2723 ne
1023 2674 1066 2723 eo
1092 2648 1156 2723 die
1175 2647 1404 2738 inveniretur,

430 2791 502 2840 nox
527 2787 732 2864 quaerentes
756 2769 931 2864 obprelllt.
980 2769 1123 2843 Postero
1139 2768 1199 2842 die
1216 2767 1405 2843 inventum

431 2883 521 2970 inter
537 2883 731 2960 maximam
757 2884 912 2960 hostium
927 2886 1087 2986 stragem,
1119 2911 1330 2986 coopertum
1355 2910 1405 2963 te-

428 3003 498 3090 lis;
533 3002 709 3104 funusque
733 3005 766 3079 ei
793 3032 856 3104 par
880 3005 1000 3095 morti,
1031 3010 1228 3083 celebrante
1255 3011 1404 3108 collega,

429 3123 563 3204 facturn
597 3124 656 3201 est.
706 3126 800 3198 Illud
833 3125 1074 3221 adjiciendum
1105 3127 1260 3215 videtur,
1300 3127 1405 3203 licere

432 3243 568 3333 consuli
598 3243 832 3343 dictatorique
856 3249 890 3318 ἃ
917 3245 1079 3342 praetori,
1109 3273 1223 3345 quum
1250 3246 1407 3346 legiones

431 3363 586 3438 hostium
601 3365 784 3451 devoveat,
812 3391 885 3438 non
902 3364 1027 3464 utique
1040 3364 1086 3454 se,
1113 3364 1173 3441 sed
1195 3393 1305 3464 quem
1321 3367 1407 3441 velit

433 3509 479 3557 ex
500 3483 640 3582 legione
667 3486 832 3558 Romana
855 3482 981 3583 scripta
1005 3484 1134 3574 civem,
1162 3487 1352 3560 devovere:
1383 3490 1408 3560 fi

431 3601 460 3678 is
477 3605 599 3691 homo,
625 3601 689 3700 qui
707 3604 856 3677 devotus
872 3603 934 3690 est,
961 3603 1124 3692 moritur,
1147 3607 1257 3701 probe
1273 3602 1407 3680 aetum

429 3723 559 3799 videri:
586 3722 623 3798 ni
643 3721 805 3810 moritur,
835 3744 914 3797 tum
933 3727 1070 3824 signum
1087 3723 1220 3821 septem
1234 3725 1343 3822 pedes
1359 3726 1407 3798 al-

432 3865 523 3932 tum,
546 3861 607 3917 aut
632 3843 756 3938 majus,
787 3841 826 3915 in
852 3865 978 3918 terram
995 3841 1131 3932 defodi,
1167 3843 1408 3940 &piaculum

431 3962 542 4038 hostia
563 3961 674 4038 caedi.
733 3959 812 4036 Ubi
841 3961 932 4036 illud
957 3966 1094 4062 srgnum
1123 3963 1298 4038 defoffum
1328 3965 1409 4053 erit,

431 4107 474 4156 eo
490 4081 730 4180 magistratum
747 4082 957 4156 Romanum
974 4081 1157 4159 escendere
1171 4083 1222 4159 fas
1241 4109 1315 4158 non
1329 4087 1407 4160 effe.
