3067 5342
375 727 448 803 294
693 701 1010 776 T.Lrvrr

374 875 432 952 dis
447 873 707 976 Qrindlilibun
724 899 801 974 quo
816 871 1058 974 magistratum
1070 869 1240 957 inierunt,
1257 892 1356 943 com-

375 1021 494 1098 parare
516 994 607 1068 inter
627 993 661 1068 se
686 991 886 1092 provinciae
907 993 1005 1090 julli:
1033 995 1069 1066 dt
1096 985 1358 1074 Mamercinus,

373 1111 434 1192 cui
462 1114 644 1190 Gallicum
674 1113 811 1188 bellum
836 1131 1012 1200 evenerat,
1043 1107 1192 1186 scribere
1222 1105 1358 1183 exerci-

373 1255 452 1311 tum
481 1241 550 1310 fine
580 1237 654 1310 ulla
676 1233 869 1308 vacationis
893 1230 1008 1307 venia.
1055 1226 1158 1331 Qin
1180 1226 1358 1328 opificum

372 1381 520 1456 quoque
535 1357 665 1454 vulgus
681 1357 716 1428 ἃ
733 1351 909 1440 sellularii,
938 1348 1088 1426 minime
1103 1346 1251 1424 militiae
1274 1346 1356 1421 ido-

373 1501 483 1550 neum
514 1500 641 1576 genus,
668 1471 778 1548 exciti
806 1472 992 1546 dicuntur:
1023 1466 1199 1569 Vejosque
1229 1467 1359 1568 ingens

345 1593 549 1670 exercitus
565 1596 779 1681 contradus,
807 1613 851 1667 ut
866 1591 951 1667 inde
977 1590 1122 1667 obviam
1148 1588 1263 1664 Gallis
1287 1587 1357 1664 ire·

368 1735 438 1790 tur.
488 1713 654 1814 Longius
668 1711 816 1802 discedi,
842 1739 888 1788 ne
899 1711 970 1786 alio
986 1709 1110 1786 itinere
1132 1709 1242 1785 hostis
1257 1706 1357 1784 falle·

369 1853 423 1908 ret
442 1833 489 1908 ad
503 1838 630 1910 urbem
646 1833 828 1921 incedens,
851 1858 925 1907 non
940 1829 1086 1931 placuit.
1136 1833 1275 1906 Paucos
1290 1831 1355 1904 de-

371 1951 456 2028 inde
472 1953 552 2052 post
573 1953 663 2043 dies,
689 1952 767 2028 satis
792 1955 971 2050 explorata
984 1950 1153 2051 temporis
1169 1952 1244 2048 ejus
1269 1949 1354 2049 qui-

370 2093 439 2164 ete,
471 2101 493 2148 a
525 2075 638 2149 Gallis
676 2072 888 2148 Privernum
928 2071 1047 2148 omnis
1087 2070 1254 2148 conversa
1287 2069 1356 2144 vis.

369 2195 516 2291 Duplex
545 2193 629 2268 inde
662 2191 757 2292 fama
789 2191 856 2266 est:
886 2189 946 2266 alii
976 2190 1014 2265 vi
1044 2213 1183 2290 captam
1210 2193 1354 2278 urbem,

370 2310 653 2410 Vitruviumque
669 2310 794 2386 vivum
816 2311 856 2386 in
880 2309 1088 2409 potestatem
1104 2309 1252 2386 veniiie:
1275 2310 1351 2400 alii,

368 2428 575 2528 priusquam
601 2430 728 2505 ultima
741 2429 967 2507 adhiberetur
980 2431 1046 2520 vis,
1072 2428 1167 2529 ipsos
1182 2428 1215 2507 se
1235 2431 1275 2506 in
1289 2433 1353 2506 de·

368 2546 544 2624 ditionem
571 2547 723 2624 consulis
746 2551 947 2626 caduceum
963 2549 1196 2650 praeferentes
1219 2551 1351 2650 permi-

366 2669 451 2757 srffe,
478 2671 635 2745 audiores
653 2667 745 2758 sunt,
774 2669 1054 2770 Vitruviumque
1076 2673 1123 2746 ab
1148 2669 1218 2746 suis
1242 2671 1351 2747 tradi·

368 2808 459 2864 tum.
524 2791 684 2878 Senatus,
732 2791 779 2864 de
813 2789 979 2866 Vitmvio
1017 2788 1351 2890 Privernatibusque

369 2907 563 2998 consultus,
599 2907 781 2984 consulem
810 2910 1007 2999 Plautium,
1034 2909 1161 2986 dimtis
1191 2910 1351 2987 Priverni

367 3026 492 3116 muris,
531 3029 772 3128 praefidioque
800 3029 920 3107 valido
950 3029 1111 3130 inposito,
1146 3033 1193 3107 ad
1223 3031 1350 3108 triurn-

368 3148 484 3244 phum
500 3149 650 3236 arcellrt3
685 3148 892 3224 Vitruvium
925 3149 965 3226 in
988 3176 1164 3227 carcerem
1180 3151 1351 3230 adservari

362 3267 472 3362 justit,
501 3269 623 3368 quoad
654 3267 777 3345 consul
810 3269 971 3358 rediffet;
1015 3291 1094 3346 rum
1126 3273 1350 3348 verberatum

368 3387 495 3462 necari.
545 3389 665 3463 Aedes
681 3389 767 3485 ejus,
791 3415 883 3488 quae
897 3392 1007 3464 elsent
1022 3389 1061 3464 in
1077 3390 1226 3480 Palatio,
1250 3392 1349 3466 diru-

367 3504 489 3593 endas,
532 3509 626 3582 bona
655 3507 800 3584 Semoni
828 3510 942 3584 Sanco
975 3509 1188 3586 censuerunt
1228 3510 1348 3587 conse-

368 3626 518 3699 cranda=
545 3626 719 3725 quodque
735 3625 822 3702 aeris
852 3655 900 3703 ex
920 3629 971 3704 eis
996 3631 1180 3706 redadum
1206 3632 1270 3721 est,
1302 3657 1349 3707 ex

366 3771 411 3819 eo
426 3743 526 3819 aenei
543 3749 644 3821 orbes
660 3743 757 3834 fatti,
784 3748 885 3844 pofiti
906 3748 944 3823 in
970 3747 1095 3824 sacello
1106 3751 1216 3827 'Sanci
1230 3751 1349 3828 versus

365 3865 491 3940 aedem
506 3862 663 3967 Qtirini.
713 3869 770 3942 De
787 3866 906 3944 senatu
931 3869 1132 3946 Privernate
1155 3871 1204 3945 ita
1226 3873 1347 3947 decre-

367 4003 459 4072 tum,
488 4005 544 4073 ut,
569 3985 647 4084 qui,
674 3982 808 4061 senator
834 3987 994 4064 Priverni
1013 3991 1093 4088 post
1108 3989 1347 4066 defedionem

360 4107 411 4212 ab
424 4102 598 4180 Romanis
614 4107 796 4196 mansrffet,
821 4127 914 4184 trans
930 4107 1096 4188 Tiberim
1110 4112 1190 4213 lege
1206 4113 1345 4200 eadem,
