3067 5342
385 668 451 717 122
696 640 1010 717 T.L1v11

376 811 418 886 'in
441 814 581 889 Patres:
609 812 700 889 inter
723 840 828 913 quos,
859 840 974 913 quum
994 810 1120 891 omisso
1144 808 1352 896 discrimine,

380 956 462 1006 vera
476 958 522 1005 an
538 957 628 1006 vana
636 934 781 1029 jaceret,
813 944 838 979 “
857 934 1033 1009 thesauros
1053 931 1185 1011 Gallici
1207 928 1282 1005 ausi
1298 954 1354 1003 oc·

381 1060 406 1095 “
425 1050 549 1125 cultari
564 1052 783 1128 aPatribus''
798 1054 907 1150 jecit:
937 1064 962 1099 “
982 1054 1134 1150 necjam
1149 1045 1355 1151 possidendis

381 1180 406 1213 “
423 1170 577 1269 publicis
589 1170 680 1269 agris
692 1176 966 1263 contentosesle,
984 1172 1046 1247 nist
1063 1170 1256 1271 pecuniam
1269 1192 1355 1266 quo·

381 1299 407 1334 “
425 1316 496 1388 que
510 1290 695 1387 publicam
710 1312 883 1367 avertant:
911 1318 952 1367 ea
968 1318 1020 1367 res
1037 1292 1193 1391 lipalam
1209 1290 1282 1377 fiat,
1299 1312 1356 1361 ex-

381 1420 407 1454 “
425 1408 511 1485 solvi
528 1412 671 1508 plebem
687 1438 764 1486 aere
781 1412 895 1485 alieno
912 1414 1041 1509 poffe.”
1090 1414 1198 1511 Qrae
1215 1406 1280 1483 ubi
1296 1408 1356 1480 ob-

371 1530 468 1625 jesta
484 1529 560 1627 spes
582 1530 645 1617 est,
668 1530 849 1605 enimvero
866 1530 1058 1629 indignum
1076 1528 1217 1604 facinus
1233 1525 1354 1611 videri,

379 1676 496 1747 quum
522 1648 779 1725 conserendum
802 1652 847 1723 acl
872 1648 1116 1724 redimendam
1139 1644 1358 1724 civitatetua

380 1766 493 1843 Gallis
511 1794 639 1843 aurum
655 1767 776 1857 suerit,
800 1768 933 1844 tributo
950 1770 1192 1843 conlationem
1215 1764 1355 1839 factam:

379 1888 478 1963 idem
500 1914 640 1977 aumm,
667 1916 711 1963 ex
733 1888 892 1963 hostibus
914 1910 1071 1987 captum,
1099 1887 1138 1961 in
1162 1907 1355 1984 paucorum

378 2007 545 2106 praedam
561 2010 698 2082 cessisse.
747 2010 871 2105 Itaque
888 2006 1172 2105 exsequebantur
1188 2028 1356 2104 quaeren-

378 2130 441 2216 do,
457 2126 523 2203 ubi
539 2147 654 2201 tantae
669 2126 718 2201 rei
735 2125 872 2201 furtum
883 2127 1141 2213 occultaretur;
1158 2126 1354 2201 differente-

379 2271 464 2346 que‚
481 2250 515 2319 u
534 2267 692 2342 tempore
708 2244 770 2319 suo
784 2243 817 2319 se
831 2243 1071 2319 indicaturum
1089 2243 1247 2333 dicente,
1266 2262 1353 2317 cete-

378 2366 425 2445 ris
441 2364 582 2453 omiffis,
599 2392 643 2439 eo
655 2362 768 2439 versae
781 2384 878 2437 erant
891 2362 1055 2437 omnium
1066 2388 1194 2439 curae:
1212 2362 1352 2458 adpare-

380 2488 527 2583 batque,
544 2510 611 2559 nec
626 2483 700 2558 veri
718 2481 842 2558 indicii
860 2482 1006 2583 gratiam
1016 2482 1189 2573 mediam,
1208 2507 1274 2557 nec
1287 2478 1353 2553 salsi

378 2604 619 2680 obsensronem
636 2601 722 2679 sore.

427 2726 510 2799 XV.
540 2726 594 2798 lta
624 2721 787 2821 suspensis
817 2726 922 2799 rebus
948 2722 1109 2811 dissator,
1142 2721 1282 2799 adcinrs
1313 2719 1355 2791 ab

378 2844 550 2933 exercitu,
587 2840 625 2917 in
655 2846 783 2919 urbem
814 2842 922 2917 venit.
972 2842 1115 2919 Postero
1144 2842 1206 2917 die
1238 2838 1352 2914 senatu

377 2963 512 3052 habito,
544 2989 673 3061 quum,
700 2960 779 3037 satis
795 2961 1009 3059 periclitatus
1025 2964 1225 3037 voluntates
1242 2954 1352 3033 homi·

376 3110 480 3172 num,
507 3080 685 3157 discedere
707 3081 866 3157 senatum
887 3084 932 3156 ab
956 3079 989 3155 se
1014 3081 1190 3170 vetuisset,
1214 3077 1353 3178 stipatus

376 3230 417 3277 ea
437 3200 682 3289 multitudine,
717 3199 796 3275 sella
820 3199 858 3274 in
875 3199 1023 3275 comitio
1042 3203 1164 3298 posta,
1186 3198 1352 3275 viatorem

375 3322 422 3395 ad
444 3322 502 3394 M.
520 3319 702 3393 Manlium
719 3318 832 3405 misrt3
856 3317 934 3416 qui,
952 3318 1130 3417 dictatoris
1139 3321 1238 3416 juffu
1254 3340 1352 3393 voca-

375 3460 446 3526 tus,
464 3463 580 3535 quum
602 3440 741 3535 signum
757 3436 829 3511 suis
844 3437 1005 3527 dedisset,
1032 3441 1145 3516 adesse
1165 3458 1351 3517 certamen,

375 3556 516 3657 agmine
535 3553 671 3655 ingenti
688 3556 735 3631 ad
750 3554 905 3631 tribunal
927 3557 1036 3633 venit.
1085 3558 1188 3633 Hinc
1205 3558 1350 3637 senatus,

374 3678 459 3755 hinc
472 3678 585 3775 plebs,
602 3673 708 3749 suum
725 3673 877 3773 quisque
894 3675 1072 3751 intuentes
1088 3678 1234 3767 ducem,
1257 3676 1350 3751 velut

360 3799 412 3891 ,in
428 3796 503 3874 acie
521 3793 756 3870 constiterant.
806 3796 907 3870 Tum
921 3794 1084 3886 dictator,
1101 3797 1235 3873 filentio
1248 3796 1348 3877 fado,

374 3929 399 3964 “
418 3916 607 4003 Utinam‚”
624 3912 756 4012 inquit,
785 3923 811 3957 “
829 3912 920 3989 mihi
937 3916 1169 4016 Patribusque
1180 3908 1350 3994 Romanis

374 4049 400 4090 ‘⁶
418 4036 467 4113 ira
482 4037 529 4111 de
539 4033 662 4110 ceteris
672 4037 777 4111 rebus
793 4056 878 4110 cum
894 4034 998 4133 plebe
1009 4035 1208 4126 conveniat,
1228 4055 1347 4138 quem·
