3067 5342
474 719 872 837 ΙηιιῐινΙΙ.Ι
1068 746 1140 822 orp

157 905 221 996 set,
247 909 434 984 extendere
460 933 584 984 omnes
613 907 753 1009 imperii
782 907 871 984 vires
901 905 1059 984 consulet
1078 910 1140 984 de·

156 1031 251 1104 ledtu
269 1030 432 1104 habendo
445 1029 554 1126 jussit.
614 1028 720 1104 Civili
742 1027 878 1129 quippe
900 1028 1064 1105 standum
1080 1055 1142 1106 ex·

156 1148 269 1225 ercitu
283 1152 363 1239 effe,
381 1152 527 1248 quando
544 1149 678 1226 socialis
692 1172 816 1226 coetus
831 1149 1012 1226 desereren-
1060 1154 1142 1238 Unff

158 1267 285 1367 dique,
309 1297 383 1346 nou
408 1274 542 1346 urbana
562 1292 715 1360 tantum,
745 1273 801 1346 sed
827 1272 933 1346 etiam
949 1271 1071 1371 agresti
1083 1273 1143 1369 ju-

158 1411 318 1478 ventute,
336 1392 461 1466 decem
478 1391 634 1491 legiones
650 1391 794 1490 scriptae
823 1391 992 1467 dicuntur
1006 1413 1144 1491 quater·

159 1511 248 1586 urim
265 1510 421 1585 millium
448 1515 482 1586 δι
509 1514 731 1588 ducenorum
755 1512 933 1610 pediturn,
960 1511 1144 1610 equitum-

158 1659 232 1732 que
243 1651 479 1708 trecenorum.
530 1637 652 1734 Qrem
668 1660 765 1708 nunc
782 1657 916 1708 novum
932 1633 1143 1722 exercitum,

159 1755 277 1852 srqua
291 1774 436 1828 externa
461 1753 514 1828 vir
532 1753 684 1854 ingruat,
709 1757 774 1830 hae
791 1753 879 1829 viret
912 1752 1036 1852 populi
1067 1755 1144 1828 Ro·

161 1874 275 1963 mani,
294 1897 384 1974 quat
411 1872 475 1948 rix
489 1896 660 1950 terrarum
689 1875 782 1974 capit
811 1872 919 1963 orbis,
948 1877 1145 1951 contractae

162 1995 203 2072 in
215 2019 330 2070 unum
348 1997 447 2070 haud
463 1995 565 2070 facile
577 1997 745 2072 efficiente
771 1997 861 2070 adeo
887 1995 924 2070 in
942 2021 1032 2096 quae
1049 1997 1146 2072 labo·

162 2141 282 2192 ramur
324 2115 396 2190 sola
441 2113 631 2204 crevimus,
680 2116 836 2205 divitias,
881 2115 1143 2212 luxuriamque.

162 2237 261 2312 Inter
293 2255 408 2311 cetera
438 2235 547 2311 tristia
571 2237 647 2333 ejus
673 2235 772 2325 anni,
804 2233 925 2312 consul
953 2238 1040 2312 alter
1073 2242 1146 2335 Ap.

162 2355 337 2433 Claudius
350 2354 390 2429 in
420 2353 496 2453 ipso
525 2357 609 2430 belli
633 2358 799 2455 adparatu
823 2356 993 2432 moritura
1037 2356 1148 2434 redie-

163 2497 314 2576 runtque
335 2502 388 2552 res
401 2478 449 2551 ad
463 2477 656 2553 Camillum
663 2507 676 2565 3
701 2479 762 2554 cui
779 2478 888 2555 unico
912 2475 1063 2565 consuli,
1088 2477 1147 2552 vel

163 2601 213 2674 ob
234 2595 342 2672 aliam
371 2597 614 2696 dignationem
638 2599 736 2674 haud
764 2598 1018 2696 subjiciendam
1037 2596 1149 2672 diera-

163 2741 277 2807 turae,
305 2721 363 2794 vel
378 2722 428 2795 ob
449 2743 556 2794 omen
577 2717 730 2794 faustum
750 2721 795 2795 ad
813 2719 994 2794 Gallicum
1017 2722 1151 2796 tumul·
1191 2722 1195 2730 '

166 2860 247 2916 tum
273 2838 510 2940 cognominis,
536 2839 743 2915 dictatorem
775 2839 932 2946 adrogari
960 2841 1056 2916 haud
1071 2838 1150 2916 satis

167 2963 342 3047 decorum
377 2959 493 3035 uisum
522 2960 572 3035 est
603 2959 779 3036 Patribus.
828 2960 973 3051 Consul,
1009 2963 1150 3038 duabus

167 3080 372 3182 legionibus
398 3080 481 3156 urbi
510 3080 718 3180 praepositis,
742 3083 824 3156 ouo
840 3105 924 3158 cum
950 3081 992 3158 L.
1010 3080 1152 3157 Pinario

167 3223 326 3301 praetore
358 3199 488 3289 dirisrr,
514 3227 650 3276 memor
671 3223 832 3302 paternae
855 3201 1008 3292 virtutis,
1037 3201 1151 3278 Gelli·

167 3349 256 3399 cum
273 3321 339 3397 srbi
366 3322 500 3396 bellum
517 3343 615 3396 extra
641 3319 767 3398 sortem
799 3321 922 3398 sumit:
957 3341 1151 3422 praetorem

169 3440 385 3518 maritimam
401 3467 500 3516 oram
526 3441 646 3530 tutari,
671 3442 894 3542 Graecosque
910 3469 1026 3520 arcere
1042 3442 1152 3518 litori·

42 3669 45 3672 ἱ
169 3569 238 3641 bus
251 3565 356 3661 jussit.
406 3562 467 3650 Et,
490 3589 604 3661 quum
620 3563 658 3637 in
680 3589 804 3664 agrum
832 3564 1064 3664 Pomptinum
1092 3565 1154 3640 de*

166 3684 366 3773 scendiffet,
395 3683 496 3783 (quia
512 3707 629 3781 neque
656 3681 695 3758 in
711 3687 846 3782 campis
871 3684 1040 3784 congredi
1058 3685 1155 3762 nulle
1200 3717 1202 3720 ·

169 3826 324 3908 cogente
355 3805 568 3891 recolebat,
598 3823 635 3878 et
665 3803 888 3901 prohibendo
917 3803 1154 3904 populationi-

26 3941 33 3950 “
172 3931 258 4018 bus,
288 3949 379 4025 quos
408 3943 508 4021 rapto
537 3921 654 3998 virere
687 3927 862 4000 neceffitus
891 3946 1043 4026 cogeret,
1076 3922 1155 4000 satit

175 4045 312 4124 domari
329 4045 493 4123 credebat
507 4043 659 4141 hostem)
683 4045 808 4122 locum
834 4043 1008 4122 idoneum
1024 4043 1156 4122 stativis

179 4167 319 4270 delegit.
