3067 5342
388 649 462 742 406
720 643 1036 720 T.Lrvrr

391 811 477 886 dem
507 809 606 887 curia
633 807 747 886 fuerat
774 809 1005 910 principium.
1055 809 1182 883 Macer
1213 802 1369 881 Licinius

383 931 496 1006 'tertia
509 930 617 1006 etiam
630 931 745 1020 clade,
771 957 862 1030 quae
879 931 925 1005 ad
938 932 1140 1006 Cremeram
1153 943 1299 1025 accepta
1313 922 1369 1010 est,

394 1050 670 1126 abominandam
688 1077 766 1125 eam
787 1048 923 1126 curiam
939 1047 1036 1124 facit.

443 1172 624 1246 XXXIX.
650 1168 812 1245 Dictator
827 1169 966 1268 postero
977 1166 1050 1254 die,
1076 1162 1244 1264 auspiciis
1256 1159 1372 1260 repeti·

396 1288 454 1378 tis,
479 1289 625 1388 pertulit
650 1291 788 1389 legem,
821 1291 870 1377 dr,
904 1285 1080 1386 profectus
1111 1309 1200 1360 curn
1232 1279 1372 1383 legioni·

397 1411 478 1498 bus,
504 1411 550 1484 ad
565 1431 732 1484 terrorem
748 1406 902 1482 traducti
922 1409 1040 1482 silvam
1067 1401 1267 1481 Ciminiam
1283 1423 1372 1476 exer-

397 1527 491 1604 citus
516 1554 633 1626 nuper
646 1527 796 1626 scriptis,
821 1528 867 1602 ad
889 1527 1096 1626 longulam
1113 1521 1292 1624 pervenit:
1321 1545 1371 1594 ac·

395 1645 575 1746 ceptisque
601 1674 623 1721 a
652 1646 794 1722 Marcio
820 1645 962 1720 consule
983 1644 1163 1721 veteribus
1189 1639 1370 1726 militibus,

397 1765 436 1840 in
460 1765 574 1841 aciem
603 1766 723 1865 copias
745 1765 883 1842 eduxit.
939 1769 1019 1841 Nec
1048 1764 1163 1840 hostes
1191 1761 1373 1838 detrectare

397 1884 459 1960 visi
499 1911 673 1986 pugnam.
747 1885 938 1962 Instrudlos
978 1884 1109 1960 deinde
1160 1878 1374 1977 arntatosque

403 2009 537 2104 (quum
562 2010 607 2082 ab
632 2005 769 2082 neutris
794 2005 971 2106 proelium
1000 2003 1188 2104 inciperet)
1218 2027 1290 2078 nox
1317 2001 1374 2074 ob·

401 2127 527 2225 preffit.
576 2125 702 2226 Qtieti
728 2125 965 2224 aliquamdiu,
997 2151 1062 2201 nec
1089 2123 1159 2200 suis
1182 2123 1374 2200 diffidentes

401 2243 552 2332 viribus,
578 2271 645 2320 nec
659 2244 796 2320 hostem
814 2245 1025 2344 spernentes,
1051 2244 1173 2320 stativa
1190 2243 1230 2320 in
1242 2239 1375 2344 propin-

402 2387 479 2460 quo
512 2364 676 2438 habuere.
742 2365 880 2438 Interea
910 2390 964 2440 res
994 2363 1033 2440 in
1073 2363 1219 2440 Etmria
1260 2361 1375 2464 gestae·

402 2485 501 2558 Nam
523 2487 559 2560 dc
581 2509 668 2559 cum
684 2485 910 2561 Umbrorum
926 2483 1084 2560 exercitu
1107 2482 1182 2559 acie
1206 2485 1376 2582 depugna·

404 2603 565 2692 tumest3
596 2602 676 2701 (sust
699 2625 817 2678 tamen
835 2603 960 2705 magis,
994 2629 1103 2703 quam
1126 2607 1229 2692 caefi,
1260 2598 1376 2685 hostes,

406 2721 494 2822 quia
509 2745 672 2822 coeptam
695 2722 821 2798 acriter
841 2749 914 2798 non
931 2725 1122 2798 tolerarunt
1143 2721 1319 2824 pugnam)
1346 2721 1376 2792 δι

405 2841 452 2915 ad
466 2841 677 2917 Vadimonis
700 2843 820 2917 lacum
848 2842 1001 2931 Etrusci,
1027 2844 1105 2942 lege
1121 2841 1251 2920 sacrata
1266 2842 1377 2920 consto

408 2959 580 3049 exercitu,
611 2986 729 3059 quum
745 2961 801 3036 uir
819 2961 936 3038 virum
951 2963 1097 3063 legisset,
1123 2964 1267 3063 quantis
1283 2986 1377 3038 num·

407 3104 518 3178 quam
539 3079 623 3154 alias
645 3101 748 3155 antea
762 3083 864 3156 stmul
890 3081 1016 3182 copiis,
1040 3085 1143 3158 stmul
1165 3081 1308 3172 animis,
1330 3077 1378 3155 di·

408 3197 608 3274 micaruntr
646 3220 818 3300 tantoque
842 3201 972 3276 irarum
1000 3203 1190 3279 certamine
1220 3204 1313 3306 gesta
1332 3224 1378 3276 tes

409 3316 472 3405 est,
498 3339 541 3393 ut
563 3323 610 3395 ab
634 3341 758 3394 neutra
783 3342 879 3420 parte
900 3321 1020 3396 emissa
1035 3326 1100 3397 fint
1120 3325 1200 3400 tela.
1251 3319 1379 3400 Gladiis

407 3461 529 3535 pugna
551 3438 684 3536 coepit,
709 3442 757 3528 a,
783 3439 948 3516 acerrime
966 3443 1159 3531 commissa,
1189 3442 1266 3541 ipso
1281 3461 1379 3520 certa-

406 3554 518 3646 mine,
543 3559 645 3654 quod
667 3557 890 3658 aliquamdiu
907 3587 1034 3662 anceps
1056 3561 1139 3652 suit,
1164 3562 1307 3640 accensa
1320 3559 1378 3637 est:

408 3697 452 3752 ut
473 3701 547 3752 non
564 3702 649 3752 cum
667 3677 823 3754 Etruscis
836 3679 939 3756 toties
954 3680 1072 3772 vittis,
1095 3682 1259 3760 sedtum
1271 3682 1381 3780 aliqua

407 3821 502 3870 nova
524 3815 643 3896 gente,
667 3796 847 3875 videretur
873 3799 1058 3877 dimicatio
1084 3805 1162 3879 effe.
1211 3802 1313 3878 Nihil
1340 3801 1380 3876 ab

407 3914 482 3989 ulla
513 3937 610 4014 parte
640 3939 805 3994 movetur
833 3917 957 4018 fugae:
994 3923 1130 3998 eadunt
1152 3919 1379 4024 antesignanis

409 4036 458 4121 dr,
483 4057 529 4107 ne
543 4036 725 4112 nudentur
743 4039 1066 4140 propugnatoribus
1082 4045 1190 4144 figna,
1215 4045 1257 4121 lit
1269 4068 1317 4120 ex
1336 4037 1355 4116 s
1367 4083 1380 4097 -
