3067 5342
471 713 702 786 Lruru
750 712 819 787 tx.
1087 737 1157 810 417

181 905 315 981 perato,
348 885 382 956 lt
410 906 533 972 annno
555 882 746 982 stipendio,
778 908 818 958 nc
844 881 984 982 singulis
1010 881 1049 958 in
1065 883 1158 958 mili·

180 1024 256 1078 tem
273 1002 430 1101 tunicis,
476 1004 523 1076 ad
552 1001 709 1076 senatum
750 1001 846 1101 pacis
879 1023 1028 1078 oratores
1057 1001 1159 1078 miffi.

180 1121 372 1198 Corneliua'
393 1122 431 1196 in
456 1121 600 1196 Samnio
623 1118 775 1197 retinui.
825 1120 986 1196 Marcius
1003 1122 1047 1196 de
1065 1121 1159 1197 Her-
1215 1215 1218 1231 ,

179 1229 271 1316 nicia
293 1240 516 1341 triumphans
543 1240 583 1315 in
607 1245 735 1316 urbem
760 1235 867 1316 rediit
873 1273 885 1328 3
919 1239 1099 1338 statuaque
1122 1265 1159 1316 e·

183 1360 333 1461 questris
348 1361 388 1436 in
403 1359 481 1435 foro
507 1356 648 1436 decreta
671 1361 735 1449 est,
764 1385 856 1458 quae
877 1377 958 1434 ante
984 1362 1159 1458 templum

180 1480 332 1556 Castoris
360 1483 470 1578 polita
491 1480 551 1555 est„
599 1476 843 1555 Hernicorum
866 1479 978 1566 tribus
1004 1479 1159 1579 populis,

180 1599 385 1689 Alaninati
418 1601 610 1689 Verulano,
649 1599 879 1688 Ferentinati‚
915 1588 1000 1698 qula
1026 1601 1160 1674 malue-

177 1741 275 1808 runt,
304 1745 417 1818 quam
433 1718 628 1808 civitatem,
652 1718 732 1794 suae
758 1720 852 1820 leges
869 1687 1042 1829 redditae:
1074 1745 1159 1794 con-

179 1838 407 1937 nubiumque
439 1822 550 1914 inter⁸
561 1837 666 1937 ipsos,
713 1841 814 1938 quod
843 1838 1063 1937 aliquamdiu
1096 1835 1160 1912 soli

181 1956 424 2034 Hernicorum
438 1961 652 2047 habuerunt,
682 1957 896 2056 permiffum.
945 1955 1159 2057 Anagninis,

180 2076 320 2176 quique
348 2099 446 2152 arma
474 2076 648 2153 Romanis
678 2076 879 2152 intulerant.
929 2075 1061 2151 Civitas
1090 2078 1160 2150 stne

180 2194 335 2296 stalli-agii
366 2195 497 2270 latione
526 2197 629 2272 data:
665 2195 818 2272 concilia
843 2194 1096 2296 connubiaque
1123 2221 1159 2268 a·

179 2315 325 2389 demta:
357 2319 393 2388 δι
417 2306 689 2416 magistratibus,
719 2337 961 2416 praeterquam
984 2314 1159 2390 sanorum

182 2427 381 2523 curatione,
407 2433 646 2511 interdictum.
696 2437 836 2510 Eodem
861 2461 955 2510 anno
976 2436 1079 2508 aedes
1100 2436 1160 2508 Sn-

181 2551 268 2642 lutis
282 2580 304 2628 a
325 2556 369 2629 C.
381 2554 494 2650 Junio
510 2555 674 2630 Bubulco
690 2553 830 2629 censore
843 2555 957 2629 locata
971 2555 1034 2644 est,
1050 2579 1159 2653 quam

181 2669 302 2746 consul
337 2675 433 2748 bello
468 2671 683 2749 Samnitium
718 2694 871 2748 voverat.
937 2677 999 2749 Ab
1031 2675 1160 2748 eodem

181 2794 389 2892 collegaque
411 2793 486 2889 ejus
513 2795 573 2867 Μ.
590 2790 731 2868 Valerio
755 2792 924 2868 Maximo
944 2791 1021 2868 viae
1041 2817 1104 2890 per
1123 2817 1159 2864 a·

180 2935 263 3011 gros
283 2909 430 3010 publica
443 2910 587 3011 inpensa
599 2907 721 2986 faciae.
772 2915 918 2988 Etcum
934 2909 1159 3012 Karthagini·

184 3031 322 3107 entibus
338 3031 467 3106 eodem
483 3055 579 3106 anno
601 3028 726 3106 foedus
741 3031 844 3106 tertio
860 3053 1083 3108 renovatumz
1109 3033 1158 3105 le·

189 3148 347 3249 gatisque
362 3175 501 3238 eorum,
527 3149 592 3248 qui
607 3149 703 3224 adid
714 3172 894 3241 venerant,
914 3151 1063 3226 comiter
1079 3173 1158 3226 rnu-

178 3293 268 3344 nera
282 3267 392 3345 miffa-

230 3390 368 3464 XLlV.
397 3387 616 3464 Dichtoreru
632 3389 729 3465 idem
744 3413 857 3465 annus
872 3387 998 3468 habuit
1013 3393 1054 3466 Ρ.
1071 3389 1158 3464 Cor·

180 3507 319 3585 nelium
335 3507 551 3606 Scipionem,
573 3533 659 3585 cum
675 3510 841 3609 magistro
854 3509 1018 3608 equitum
1032 3512 1073 3585 P.
1085 3511 1157 3584 De·

181 3627 242 3702 cio
274 3628 397 3702 Mure.
445 3629 508 3702 nb
540 3627 596 3717 iis,
626 3650 766 3728 propter
795 3653 885 3727 quae
910 3627 1016 3704 creati
1047 3645 1157 3713 erant,

184 3744 330 3821 comitia
344 3744 538 3822 consularia
561 3748 694 3836 habita,
713 3747 800 3846 quia
824 3769 948 3822 neuter
972 3743 1158 3822 consulum

183 3887 345 3964 potuerat
361 3867 456 3941 bello
480 3868 603 3942 abelse.
652 3866 770 3942 Creati
789 3865 946 3942 consules
963 3869 1009 3941 L.
1033 3863 1158 3939 Postu·

184 3985 293 4075 mins,
316 3985 377 4061 Ti.
393 3984 595 4061 Minucius.
643 3989 726 4061 Hos
744 3984 903 4061 consules
924 3984 1005 4060 Piso
1026 3985 1157 4089 QFa·

184 4102 297 4181 bio&
327 4109 369 4181 P.
395 4104 511 4184 Decio
527 4104 696 4206 subgetit‚
724 4101 870 4180 biennio
895 4128 1050 4196 exemto,
1084 4131 1159 4205 quo

645 4227 713 4300 Ee
