3067 5342
398 724 470 798 226
713 719 1027 794 T.Lrv11

399 900 446 972 ab
458 893 590 970 duratis
605 892 670 970 usu
685 921 863 970 armorum
881 894 919 970 in
936 891 1096 970 Sidicino
1111 893 1200 992 pulsi
1212 915 1310 993 agro,
1339 890 1376 968 in

401 1017 434 1092 se
453 1016 584 1092 deinde
603 1017 737 1090 molem
759 1041 904 1090 ornnem
925 1015 1008 1092 belli
1024 1033 1214 1090 verterunt.
1265 1013 1376 1088 Nam·

400 1161 473 1236 que
485 1133 671 1223 Samnites,
697 1135 827 1210 omiffis
844 1135 1023 1224 Sidicinis,
1042 1132 1152 1234 ipsam
1166 1157 1283 1210 arcem
1299 1130 1377 1206 fini-

400 1255 573 1331 timorum
606 1257 807 1353 Campanos
839 1254 967 1344 adorti,
1007 1257 1105 1331 unde
1138 1280 1251 1353 aeque
1269 1251 1378 1330 facilis

400 1375 559 1465 vitioria,
587 1377 734 1474 praedae
749 1399 856 1475 atque
878 1375 1007 1476 gloriae
1024 1377 1105 1474 plus
1122 1375 1217 1463 effer,
1244 1373 1376 1464 Tifata,

401 1495 617 1572 inminentes
635 1498 778 1596 Capuae
806 1496 925 1582 colles,
950 1521 1068 1594 quum
1089 1494 1258 1594 praesidio
1275 1496 1378 1570 firmo

401 1619 639 1714 occupassent,
654 1615 875 1692 descendunt
891 1613 975 1688 inde
992 1616 1165 1714 quadrato
1180 1614 1324 1714 agmine
1341 1614 1378 1689 in

400 1735 597 1835 planitiem,
615 1761 706 1834 quae
719 1737 880 1834 Capuam
897 1733 1087 1833 Tifataque
1101 1734 1290 1832 interjacet.
1325 1733 1380 1810 Ibi

400 1855 515 1931 rursus
530 1852 605 1931 acie
626 1855 858 1931 dimicatum:
872 1853 1102 1954 ‚adversoque
1124 1857 1257 1954 proelio
1273 1858 1379 1931 Cam·

400 1977 484 2076 pani
499 1977 589 2051 intra
604 1976 746 2051 moenia
759 1977 944 2073 compulfi,
964 2002 1093 2074 quum,
1118 1979 1241 2052 robore
1252 1977 1379 2072 juven·

402 2097 487 2172 tutis
501 2096 581 2172 suae
597 2095 728 2185 adciso,
746 2097 843 2170 nulla
859 2095 1061 2195 propinqua
1070 2094 1145 2196 spes
1158 2099 1253 2186 esset,
1267 2095 1379 2172 coafti

402 2216 482 2292 sunt
498 2221 543 2292 ab
556 2215 731 2290 Romanis
747 2235 863 2314 petere
877 2213 1063 2318 auxilium.

451 2338 575 2410 XXX.
601 2334 743 2433 Legati,
771 2333 963 2410 introdufti
982 2332 1205 2424 insanarum,
1223 2334 1380 2412 maxime

400 2454 440 2528 in
468 2457 559 2529 hanc
590 2452 796 2528 sententiam
821 2455 933 2530 locuti
957 2453 1057 2530 funt:
1092 2463 1117 2498 “
1136 2456 1298 2553 Populus
1315 2481 1378 2530 nos

403 2577 652 2671 “Campanus
680 2575 815 2673 legatos
842 2575 889 2648 ad
921 2601 997 2664 vos,
1027 2577 1145 2650 Patres
1176 2573 1378 2674 conscripti,

403 2704 430 2739 “
449 2694 563 2782 misrt;
581 2692 775 2768 amicitiam
793 2693 831 2767 in
848 2717 1073 2792 perpetuum,
1090 2693 1267 2769 auxilium
1283 2721 1379 2794 prae-

403 2825 429 2859 “
448 2813 522 2890 fens
537 2841 559 2888 a
573 2813 674 2889 vobis
691 2813 855 2913 petitum.
891 2797 1027 2914 'Quam
1047 2817 1070 2888 sr
1093 2813 1257 2889 secundis
1277 2817 1380 2890 rebus

404 2945 430 2979 “
450 2933 573 3009 nostris
589 2933 804 3032 petissemus,
832 2935 918 3007 sicut
935 2955 1060 3033 coepta
1076 2933 1238 3022 celerius,
1262 2933 1311 3008 ita
1326 2933 1380 3008 in·

406 3052 604 3128 “firmiore
630 3052 777 3127 vinculo
794 3055 972 3128 contracta
993 3056 1086 3128 effet.
1137 3057 1246 3129 Tunc
1269 3055 1379 3144 enirn,

404 3183 431 3216 “
448 3193 491 3247 ut
504 3171 569 3273 qui
584 3199 630 3246 ex
645 3199 759 3270 aequo
777 3198 840 3247 nos
855 3173 985 3248 venisse
995 3172 1032 3248 in
1049 3173 1240 3250 amicitiam
1254 3175 1379 3250 merni-

404 3304 430 3338 “
449 3293 628 3382 niffemus,
644 3291 751 3368 amici
768 3281 906 3367 forsitan
920 3291 1094 3390 pariterae
1107 3320 1218 3383 nunc,
1236 3294 1380 3392 subjecti

405 3423 430 3457 “
449 3434 556 3510 atque
585 3411 734 3487 obnoxii
761 3411 863 3488 vobis
891 3412 1011 3487 minus
1036 3415 1195 3490 essemus.
1256 3417 1379 3504 Nunc,

404 3541 431 3577 “
449 3529 687 3607 misericordia
701 3531 811 3606 vestra
826 3531 1017 3621 conciliati,
1034 3533 1240 3632 auxilioque
1259 3535 1295 3610 in
1313 3538 1378 3610 du·

405 3649 519 3726 “biis
545 3653 649 3726 rebus
671 3649 815 3740 defensi,
844 3653 1061 3728 beneficium
1088 3679 1235 3753 quoque
1257 3681 1380 3756 accep·

404 3778 431 3818 ‘⁴
449 3793 528 3847 tum
548 3773 719 3860 colamus,
745 3793 883 3868 oportet
894 3805 906 3862 3
934 3799 979 3846 ne
1002 3772 1130 3872 ingrati
1152 3795 1258 3873 atque
1280 3773 1380 3850 omni

406 3904 432 3938 “
450 3919 519 3992 ope
535 3889 659 3966 divina
673 3893 899 3990 humanaque
915 3891 1054 3992 indigni
1070 3893 1266 3968 videamur.
1307 3897 1380 3970 Ne·

405 4023 431 4057 “
449 4037 534 4109 que,
565 4011 738 4099 Hercule,
779 4013 880 4109 quod
912 4013 1085 4089 Samnites
1113 4013 1244 4112 priores
1274 4013 1379 4090 amici

405 4143 430 4176 “
449 4129 605 4231 sociique
633 4129 735 4206 vobis
751 4127 835 4206 faoi
854 4130 947 4222 sunt,
969 4135 1015 4209 ad
1037 4133 1076 4210 id
1091 4138 1204 4214 valere
1220 4133 1378 4224 arbitror,
