3067 5342
527 669 854 752 L1nan.
1097 675 1189 753 ‚61

207 851 398 928 communi
420 854 596 928 vocabulo
613 850 740 951 gentis,
768 853 918 926 alterum
938 846 1193 923 Hadriaticum

208 999 317 1060 mare,
335 977 381 1048 ab
397 972 538 1048 Hadria
550 971 754 1046 Tuscorum
772 968 923 1058 colonia,
941 993 1108 1043 vocavere
1123 969 1191 1042 Ita·

208 1087 296 1168 licae
327 1115 459 1194 gentes.
522 1091 650 1168 Graeci
675 1093 801 1166 eadem
828 1093 1056 1188 Tyrrhenum
1084 1109 1192 1186 atque

208 1213 464 1288 Hadriaticum
487 1233 626 1289 vocant.
676 1211 706 1288 Ii
734 1211 772 1285 in
789 1231 982 1307 utrumque
999 1234 1093 1282 mare
1116 1234 1191 1282 ver·

208 1355 332 1432 gentes
348 1332 525 1410 incoluere
538 1332 687 1409 urbibus
701 1329 879 1407 duodenis
892 1351 1012 1404 terrast
1031 1326 1128 1426 prius
1142 1327 1192 1403 cis

209 1452 445 1551 Apenninum
460 1455 505 1526 ad
526 1451 678 1528 inferum
692 1478 799 1540 mare,
831 1450 949 1549 postea
961 1470 1053 1522 trans
1070 1453 1191 1547 Apen-

207 1573 350 1663 ninum,
385 1572 549 1661 totidem,
582 1595 670 1671 quot
693 1571 809 1672 capita
822 1568 969 1670 originis
992 1589 1102 1658 erant,
1132 1596 1191 1644 co

208 1693 314 1768 loniis
330 1692 451 1768 miffisr
484 1718 574 1791 quae
601 1713 692 1768 trans
710 1693 851 1768 Padum
872 1689 993 1764 omnia
1012 1692 1102 1776 loca,
1130 1715 1190 1762 ex-

209 1835 314 1912 cepto
340 1817 557 1888 Venetorum
584 1815 730 1912 angulo,
760 1810 824 1910 qui
850 1813 965 1884 finum
995 1809 1191 1885 circumco-

207 1934 288 2008 lunt
318 1932 434 2022 maris,
477 1932 588 2032 usque
617 1934 662 2007 ad
690 1935 801 2030 Alpes
832 1953 986 2006 tenuere.
1050 1929 1193 2029 Alpinis

208 2079 355 2152 quoque
370 2079 411 2128 ea
428 2053 592 2152 gentibus
618 2054 715 2127 haud
739 2051 849 2158 dubie
876 2051 977 2149 origo
1000 2051 1063 2139 est,
1094 2075 1192 2126 max·

209 2173 280 2248 ime
307 2172 447 2248 Raetis:
480 2200 570 2272 quos
596 2175 674 2248 loca
698 2171 771 2270 ipsa
801 2173 998 2257 efferamur,
1030 2197 1075 2246 ne
1100 2169 1191 2268 quid

207 2319 254 2368 ex
273 2292 435 2392 antiquo,
464 2315 597 2393 praeter
619 2292 745 2368 sonum
762 2291 918 2391 linguae,
949 2317 1015 2365 nec
1030 2317 1114 2366 eum
1137 2290 1191 2366 iu·

208 2435 439 2511 conruptunr,
473 2413 673 2489 retinerent.

262 2535 439 2609 XXXIV.
468 2536 525 2609 De
540 2536 678 2608 tranfitu
693 2532 731 2606 in
747 2531 885 2607 ltaliam
899 2533 1086 2607 Gallorum
1104 2535 1190 2608 haec

207 2653 419 2752 accepimus.
470 2653 587 2728 Prisco
611 2651 812 2752 Tarquinio
842 2655 981 2726 Romae
1010 2675 1191 2751 regnante,

207 2775 403 2861 Celtarum,
432 2799 522 2872 quae
546 2800 620 2872 pars
642 2773 777 2848 Galliae
800 2771 901 2846 tertia
915 2771 977 2860 est,
1004 2799 1110 2870 penes
1134 2773 1191 2847 Bi·

209 2893 341 2992 turiges
371 2893 508 2968 summa
535 2892 675 2992 imperii
703 2891 784 2968 fuit.
844 2891 874 2965 li
896 2873 1022 2992 'regem
1052 2892 1191 2969 Celtico

208 3015 351 3088 dabant.
402 3013 617 3113 Ambigatus
643 3013 672 3088 is
699 3012 781 3103 fuit,
818 3011 948 3088 virtute
979 3013 1190 3112 fortunaque

208 3159 323 3232 quum
351 3132 423 3222 sua,
450 3157 528 3210 tum
558 3134 715 3234 publica,
739 3137 969 3233 praepollens,
1003 3135 1105 3233 quod
1124 3134 1191 3208 im·

209 3252 307 3350 perio
325 3254 398 3349 ejus
418 3253 535 3328 Gallia
551 3256 640 3330 adeo
655 3253 801 3354 frugum
816 3253 1080 3352 hominumque
1097 3253 1192 3329 ferti-

209 3373 252 3448 lis
265 3373 347 3462 fuit,
370 3397 410 3448 ut
432 3376 615 3450 abundans
631 3373 828 3448 multitudo
844 3373 906 3448 vix
922 3373 997 3472 regi
1014 3372 1192 3449 videretur

210 3497 316 3593 polle.
366 3494 444 3570 Hic
461 3521 592 3594 magno
605 3516 689 3568 natu
702 3492 773 3592 ipse
783 3494 871 3590 jam,
897 3521 1082 3569 exonerare
1095 3518 1191 3593 prae-

209 3634 374 3713 gravante
402 3619 504 3690 turba
526 3641 676 3714 regnum
704 3614 865 3713 cupiens,
907 3614 1126 3690 Bellovesum
1151 3643 1192 3691 ac

106 3801 110 3808 .
209 3733 432 3833 Sigovesum,
459 3734 580 3808 sororis
603 3735 708 3823 filios,
741 3735 897 3834 inpigros
918 3736 1080 3831 juvenes,
1111 3735 1192 3809 mis-

211 3853 333 3928 surum
352 3853 385 3928 se
408 3857 488 3944 effe,
520 3854 557 3928 in
584 3883 670 3954 quas
694 3855 758 3930 Dii
777 3855 950 3930 dediffent
972 3856 1130 3955 auguriis
1143 3855 1192 3930 se-

211 3975 288 4062 des,
329 3975 492 4050 ostendit.
547 3982 737 4077 Quantum
760 3975 821 4074 ipfi
847 3978 979 4050 vellent
1003 4003 1193 4052 numerum

212 4095 417 4185 hominum,
451 4095 621 4185 excirent,
649 4123 694 4170 ne
719 4122 791 4195 qua
804 4122 889 4196 gens
916 4123 1029 4174 arcere
1050 4095 1192 4172 adveni-
