3067 5342
392 702 467 792 284
725 696 1039 769 T.Lrvrr

393 878 418 910 “
437 864 555 965 itaque
576 867 621 942 de
644 865 694 942 eis
710 892 832 942 curam
852 893 961 967 quam
983 863 1141 964 primum
1164 860 1309 950 absolvi,
1335 865 1373 937 δι
1511 850 1512 865 ’

393 985 579 1062 “illorum
612 985 761 1076 animos,
801 989 892 1061 dum
925 985 1180 1084 exspellatione
1217 983 1375 1080 stupent,

393 1117 418 1150 ‘⁴
437 1103 495 1180 seu
514 1131 639 1204 poena,
667 1105 726 1182 seu
739 1105 928 1194 beneficio,
960 1103 1208 1204 praeoccupari
1222 1098 1375 1202 oportet.

393 1235 419 1269 ‘⁴
437 1223 609 1300 Nostrum
626 1223 696 1300 fuit
718 1227 868 1314 efficere,
892 1247 935 1300 ut
953 1223 1119 1298 omnium
1138 1247 1255 1298 rerum
1271 1222 1377 1296 vobis

395 1347 485 1420 “ad
517 1344 776 1420 consulendum
806 1345 954 1443 potestas
980 1345 1073 1418 esset.
1132 1341 1297 1417 Vestrum
1323 1341 1378 1415 est

393 1475 418 1509 “
437 1467 638 1554 decernere,
665 1465 766 1563 quod
786 1464 966 1564 optimum
985 1462 1088 1538 vobis
1113 1460 1234 1560 reique
1253 1461 1376 1558 publi-

395 1595 420 1628 “
440 1611 500 1660 cae
517 1588 591 1659 fit.”

442 1705 543 1778 XIV.
569 1705 751 1803 Principes
773 1703 910 1780 senatus
929 1702 1134 1778 relationem
1153 1700 1306 1777 consulis
1328 1703 1378 1777 de

250 1845 253 1858 ·
394 1823 531 1898 summa
548 1849 663 1898 rerum
677 1827 818 1900 laudare
825 1857 837 1913 5
863 1823 937 1912 sed,
967 1848 1083 1923 quum
1099 1821 1249 1896 aliorum
1262 1825 1379 1897 cauffa

395 1943 462 2016 alia
492 1945 586 2031 effer,
617 1941 665 2018 ita
696 1943 856 2042 expediri
888 1945 982 2043 posse
1015 1941 1213 2029 confilium,
1243 1941 1378 2031 dicere,

394 2085 437 2139 ut
460 2089 523 2164 pro
555 2063 681 2138 merito
704 2061 874 2162 cujusque
898 2063 1117 2150 statueretur,
1145 2063 1237 2134 fide
1259 2065 1379 2160 fingu-

395 2181 438 2258 lis
453 2182 666 2256 nominatim
683 2182 849 2257 referrent
873 2181 1024 2281 populis.
1074 2183 1245 2255 Relatum
1267 2179 1379 2280 igitur

395 2304 441 2376 de
458 2301 602 2400 singulis
618 2303 886 2401 decretumque.
936 2299 1134 2376 Lanuvinis
1150 2300 1273 2376 civitas
1295 2303 1379 2375 data

398 2421 560 2520 sacraque
582 2422 641 2496 sua
670 2422 808 2498 reddita
826 2448 911 2498 cum
935 2449 992 2510 eo,
1015 2443 1057 2496 ut
1077 2423 1182 2496 aedes
1201 2417 1377 2519 lucusque

394 2539 547 2639 Sospitae
565 2539 718 2636 Junonis
742 2540 942 2615 communis
964 2539 1164 2614 Lanuvinis
1182 2538 1377 2636 municipi-

395 2662 462 2735 bus
479 2685 563 2734 cum
580 2662 715 2758 populo
728 2663 897 2734 Romano
920 2661 1012 2734 esset.
1062 2658 1200 2735 Aricini
1211 2661 1377 2734 Nomen·

395 2779 539 2877 tanique
560 2784 594 2853 dr
628 2779 763 2854 Pedani
793 2781 920 2855 eodem
947 2779 1041 2876 jure,
1075 2805 1150 2878 quo
1176 2780 1375 2870 Lanuvini,

395 2897 433 2972 in
458 2896 637 2974 civitatem
661 2898 809 2998 accepti.
858 2897 1071 2974 Tusculanis
1093 2897 1223 2974 servata
1238 2900 1375 2990 civitas,

395 3043 505 3116 quam
527 3019 703 3094 habebant
709 3051 721 3108 3
750 3017 957 3116 crimenque
974 3019 1208 3094 rebellionisa
1224 3019 1372 3119 publica

395 3137 517 3213 fraude
536 3137 572 3212 in
588 3164 718 3238 paucos
732 3141 891 3214 aus'tores
905 3139 1056 3214 versum.
1105 3143 1148 3215 In
1163 3140 1376 3230 Veliternos,

395 3281 528 3334 veteres
546 3257 640 3334 cives
661 3261 858 3346 Romanos,
885 3261 986 3358 quod
1012 3258 1115 3334 toties
1144 3262 1375 3349 rebellassent,

395 3379 545 3479 graviter
571 3377 758 3453 saevitum:
810 3383 844 3452 δι
878 3378 971 3453 muri
1001 3379 1141 3475 dejeffi,
1174 3385 1209 3454 ὅτ
1240 3377 1377 3454 senatus

397 3497 480 3573 inde
507 3500 697 3587 abduclus‚
718 3489 869 3596 jusfique
896 3521 988 3573 trans
1012 3498 1177 3575 Tiberim
1197 3498 1375 3574 habitare:

395 3638 437 3692 ut
453 3619 541 3714 ejus,
572 3617 636 3717 qui
651 3617 700 3692 cis
713 3617 878 3692 Tiberim
895 3618 1130 3718 deprehensus
1147 3622 1241 3707 esset,
1263 3616 1376 3717 usque

394 3739 441 3814 ad
455 3737 552 3813 mille
568 3738 690 3837 pondo
707 3737 889 3836 clarigatio
904 3741 1006 3827 effet3
1041 3764 1106 3813 nec
1123 3738 1232 3837 prius,
1266 3762 1377 3837 quam

394 3883 470 3935 aere
503 3857 693 3956 persoluto,
736 3856 778 3944 is,
821 3857 885 3955 qui
918 3857 1072 3956 cepisset,
1105 3879 1202 3933 extra
1233 3857 1377 3933 vincula

395 3997 541 4077 captum
555 3979 708 4052 haberet.
757 3978 800 4049 ln
813 4001 938 4076 agrum
951 3976 1150 4053 senatorum
1162 3977 1281 4052 coloni
1293 3975 1375 4051 mis·

394 4099 434 4170 li:
470 4095 602 4196 quibus
624 4093 819 4196 adscriptis,
845 4095 999 4196 speciem
1022 4097 1189 4198 antiquae
1211 4097 1375 4196 frequen·
