3067 5342
479 651 707 726 Lrsan
758 653 840 730 VII.
1070 656 1136 754 187

160 849 244 898 rum
273 822 331 897 via
357 821 595 922 inquirentem
625 824 748 900 ferret:
784 850 881 900 nnnc
904 823 998 900 fama
1019 852 1137 902 rerum

62 935 69 942 ’
158 945 327 1018 standum
353 945 416 1032 est,
449 945 513 1021 ubi
540 967 671 1021 certam
687 947 834 1044 derogat
850 945 999 1030 vetustas
1016 948 1137 1021 fidem.

159 1068 211 1138 Et
226 1064 322 1138 lacus
339 1091 471 1138 nomen
487 1069 533 1141 ab
545 1068 611 1140 hac
623 1065 815 1142 recentiore
828 1065 1025 1165 insignitius
1035 1065 1137 1141 fabu-

158 1186 193 1258 la
209 1183 271 1256 est.
322 1183 403 1257 Post
419 1184 506 1258 tanti
521 1184 677 1284 prodigii
693 1185 991 1283 procurationem,
1009 1187 1137 1260 eodem

155 1329 254 1378 anno
270 1305 315 1376 de
332 1303 503 1378 Hernicis
515 1304 693 1380 consultus
709 1304 859 1393 senatus,
873 1331 989 1404 quum
999 1305 1137 1380 feciales
1203 1303 1208 1314 ’

156 1426 203 1497 ad
238 1450 290 1496 res
320 1425 526 1520 repetendas
551 1424 800 1524 nequidquam
834 1424 984 1514 misisset,
1019 1425 1137 1524 primo

156 1568 306 1641 quoque
321 1541 381 1616 die
401 1542 588 1618 serendum
605 1546 651 1619 ad
667 1546 844 1643 populum
862 1545 907 1618 de
931 1546 1025 1620 bello
1042 1543 1135 1618 indi-

157 1663 275 1739 cendo
301 1663 471 1740 Hernicis
498 1663 655 1751 censuit;
689 1662 912 1762 populusque
939 1663 979 1746 id
1001 1666 1137 1746 bellum

158 1783 326 1881 frequens
336 1784 443 1879 jussit.
493 1786 540 1858 L.
558 1782 725 1858 Genucio
742 1783 878 1858 consuli
894 1811 935 1858 ea
956 1782 1138 1884 provincia

157 1905 246 1980 sorte
275 1902 404 1978 evenit.
454 1906 496 1976 In
513 1902 771 2002 exspestatione
788 1903 911 1978 civitas
928 1925 1012 1992 erat,
1036 1907 1137 2004 quod

157 2024 294 2123 primus
312 2023 370 2096 ille
390 2025 436 2098 de
459 2026 562 2121 plebe
583 2022 704 2098 consul
729 2025 863 2098 bellum
888 2023 958 2098 suis
974 2022 1137 2122 auspiciis

158 2145 320 2243 gesturus
339 2147 421 2218 effet
428 2177 440 2231 3
470 2143 617 2241 perinde
636 2165 679 2218 ut
700 2141 855 2217 eveniret
878 2169 944 2232 res,
972 2146 1021 2218 ita
1037 2169 1135 2218 com·

157 2263 358 2340 municatos
391 2266 541 2355 honores
567 2289 632 2360 pro
649 2265 738 2336 bene
765 2283 826 2338 aut
849 2261 946 2339 secus
976 2260 1135 2337 consulto

157 2384 331 2460 habitura
383 2385 487 2459 Forte
505 2383 554 2456 ita
569 2382 652 2456 tulit
667 2381 776 2471 casus,
804 2403 845 2456 ut
862 2381 1061 2470 Genucius,
1091 2384 1136 2457 ad

157 2505 273 2580 hostes
288 2529 420 2602 magno
436 2525 565 2577 conatu
582 2501 773 2601 profestos,
792 2500 830 2575 in
847 2501 984 2576 infidias
1002 2503 1135 2599 praeci-

157 2624 306 2723 pitaret3
329 2623 530 2722 legionibus
547 2649 613 2696 nec
630 2620 774 2719 opinato
790 2646 916 2718 pavore
930 2620 1024 2709 fusis,
1051 2649 1136 2696 con-

157 2743 207 2818 sul
223 2744 487 2819 circumventus
510 2745 555 2817 ab
585 2740 713 2828 insciis,
742 2766 852 2839 quem
875 2739 1135 2832 interfecissent,

156 2863 387 2941 occideretur.
433 2864 550 2963 Qrod
576 2861 640 2935 ubi
661 2861 711 2935 est
735 2861 894 2934 Romam
911 2859 1133 2951 nunciatum,

156 3008 384 3082 nequaquam
402 3002 541 3059 tantum
557 2979 704 3078 publica
716 2979 911 3062 calamitate
928 2981 1052 3056 moesti
1069 2985 1135 3057 Pa-

157 3125 238 3190 tres,
284 3122 460 3200 quantum
494 3100 625 3174 seroces
656 3099 791 3174 infelici
825 3099 976 3175 consulis
1007 3103 1135 3200 plebeji

158 3225 284 3310 dudu,
311 3221 467 3297 fremunt
490 3219 658 3294 omnibus
676 3218 780 3302 locis:
808 3230 834 3263 “
853 3223 960 3307 Irent,
983 3242 1137 3296 crearent

159 3354 183 3386 “
202 3341 361 3417 consules
374 3367 419 3416 ex
436 3342 553 3440 plebe,
571 3339 794 3414 transferrent
806 3339 971 3439 auspicia,
989 3367 1134 3439 quone·

159 3473 184 3506 “
201 3462 251 3537 fas
268 3463 361 3536 effet.
410 3459 566 3535 Potuisse
587 3462 704 3533 Patres
720 3458 905 3557 plebiscito
921 3461 1004 3558 pelli
1022 3464 1134 3536 hono-

159 3582 298 3656 “ribus
318 3579 409 3655 suis:
442 3579 656 3655 numeriam
680 3578 718 3652 in
741 3582 839 3654 Deos
861 3578 1061 3656 inmortales
1081 3582 1135 3656 in-

161 3701 415 3800 “auspicatam
447 3703 565 3800 legem
597 3699 763 3774 valuiffe?
812 3697 1011 3773 Vindicnffe
1045 3699 1136 3798 ipsos

162 3830 186 3864 “
202 3821 306 3896 suum
323 3847 470 3909 numen,
497 3819 558 3894 sua
578 3818 742 3918 auspicia.
792 3824 895 3919 Qrae
914 3839 955 3892 ut
977 3819 1135 3917 primum

164 3951 187 3984 “
205 3943 366 4016 contacta
381 3945 447 4016 srnt
459 3943 504 4031 ab
517 3967 574 4028 eo,
592 3967 612 4014 a
628 3965 704 4039 quo
717 3965 783 4014 nec
796 3939 855 4035 jus
868 3966 934 4015 nec
952 3937 1001 4013 fas
1018 3937 1135 4028 suerit,

163 4063 360 4138 “deletum
377 4087 462 4138 cum
475 4063 568 4137 duce
581 4059 779 4138 exercitum
791 4061 1010 4136 documento
1020 4058 1133 4150 suiffe,
1254 4131 1262 4148 ,
