3067 5342
371 715 418 788 30
696 689 1014 763 T.L1v11

370 861 518 940 fimilem
535 883 709 938 coortam:
733 862 900 961 proximo
916 889 989 937 non
1003 861 1178 962 prodigia,
1204 861 1264 937 sed
1273 864 1351 960 jam

370 1005 529 1071 eventus,
557 983 790 1082 pestilentiam
811 982 901 1084 agris
916 984 1071 1082 urbique
1090 982 1233 1058 inlatam
1252 987 1354 1060 haud

369 1104 480 1178 dubia
496 1105 547 1178 ira
564 1107 702 1180 Deum:
734 1130 825 1202 quos
844 1104 947 1204 pestis
964 1105 1037 1200 ejus
1054 1107 1225 1178 arcendae
1238 1107 1356 1178 cauffa

369 1227 559 1324 placandos
592 1227 671 1312 effe,
700 1224 737 1298 in
768 1223 867 1299 libris
896 1223 1060 1299 fatalibus
1088 1223 1273 1299 inventum
1301 1230 1353 1300 srt.

369 1344 549 1432 Comitiis,
574 1343 752 1443 auspicato
772 1371 863 1443 quae
886 1347 1022 1433 fierent,
1053 1345 1245 1445 indignum
1271 1345 1354 1422 Diis

367 1463 483 1540 visum
517 1467 667 1538 honores
700 1464 852 1564 vulgari,
886 1464 1160 1564 discriminaque
1188 1466 1356 1564 gentium

370 1585 555 1660 confundi.
606 1589 854 1684 Praeterquam
867 1585 1040 1682 majestate
1060 1584 1271 1683 petentium,
1299 1612 1354 1659 re-

369 1705 502 1804 ligione
528 1704 635 1780 etiam
661 1705 813 1780 adtoniti
839 1706 1002 1780 homines
1026 1707 1190 1805 patricios
1215 1733 1354 1795 omnes,

369 1849 501 1924 partem
520 1853 685 1926 magnam
703 1827 1006 1901 honoratiffimum
1019 1854 1215 1926 quemque,
1239 1827 1354 1902 tribu-

370 1975 433 2022 nos
451 1947 608 2021 militum
626 1945 799 2021 consulari
822 1948 991 2044 potestate
1018 1973 1189 2036 creavere,
1215 1951 1262 2023 L.
1280 1951 1352 2022 Va-

368 2069 497 2142 lerium
530 2067 692 2142 Potitum
723 2066 906 2165 quintum,
933 2071 991 2142 Μ.
1013 2067 1196 2142 Valerium
1229 2069 1353 2142 Maxi·

369 2215 484 2276 mum,
517 2191 575 2263 M.
601 2188 751 2261 Furium
778 2188 973 2262 Camillum
997 2187 1155 2275 tertium,
1181 2191 1228 2262 L.
1250 2190 1354 2264 Furi-

368 2335 432 2381 um
454 2307 702 2382 Medullinum
725 2307 883 2396 tertium,
918 2308 1173 2410 QServilium
1201 2309 1356 2384 Fidena-

369 2451 441 2502 tem
476 2427 618 2516 iterum,
644 2434 701 2530 Q
725 2427 925 2526 Sulpicium
956 2427 1188 2503 Camerinum
1211 2429 1354 2505 iterum.

368 2549 441 2624 His
465 2548 615 2624 tribunis
644 2551 689 2624 ad
708 2550 813 2646 Vejos
837 2548 928 2622 nihil
954 2551 1152 2624 admodum
1179 2576 1354 2624 memora«

367 2669 438 2744 bile
454 2673 573 2744 adium
590 2670 650 2744 est.
700 2672 796 2744 Tota
818 2670 871 2744 vis
898 2671 935 2744 in
962 2670 1252 2770 populationibus
1272 2670 1353 2744 fuit.

370 2793 457 2866 Duo
474 2788 602 2863 summi
627 2789 867 2888 imperatores,
895 2791 1035 2864 Potitus
1056 2817 1078 2864 a
1100 2790 1257 2879 Faleriis,
1283 2793 1351 2864 Ca-

367 2909 488 2984 millus
515 2937 535 2983 a
557 2911 713 3008 Capena,
749 2913 894 3008 praedas
921 2911 1083 3012 ingentes
1113 2937 1229 3011 egere,
1255 2913 1355 2986 nulla

368 3029 541 3104 incolumi
563 3030 681 3104 relida
696 3057 745 3119 re,
771 3031 832 3105 cui
852 3030 943 3105 ferro
959 3051 1022 3105 aut
1043 3030 1119 3131 igni
1138 3032 1256 3105 noceri
1274 3031 1353 3131 pos·

366 3149 426 3224 set.

417 3275 499 3345 XV.
525 3271 694 3370 Prodigia
726 3271 869 3347 interim
899 3275 1012 3347 multa
1035 3272 1219 3360 nunciari;
1260 3299 1351 3372 quo·

367 3415 447 3464 rum
478 3393 659 3487 pleraque,
706 3396 740 3465 a
772 3392 858 3490 quia
890 3392 1017 3493 singuli
1048 3398 1207 3468 austores
1240 3415 1351 3482 erant,

366 3537 492 3610 parum
527 3511 660 3585 credita
684 3512 880 3612 spretaque,
913 3519 947 3588 δι
979 3514 1079 3612 quia,
1106 3514 1267 3589 hostibus
1301 3519 1351 3590 E·

367 3631 502 3721 trustis,
531 3659 593 3730 per
622 3659 713 3731 quos
744 3661 785 3709 ea
814 3657 1055 3732 procurarent,
1081 3633 1257 3733 aruspices
1278 3661 1352 3710 non

365 3775 473 3827 erant.
540 3755 582 3827 ln
614 3780 730 3829 unum
764 3755 931 3830 omnium
968 3782 1073 3831 curae
1106 3755 1222 3830 versae
1254 3756 1349 3844 sunt,

366 3876 466 3974 quod
484 3878 581 3949 lacus
599 3875 635 3950 in
653 3878 798 3950 Albano
822 3903 966 3950 nemore
989 3881 1058 3952 fine
1087 3877 1169 3951 ullis
1192 3877 1350 3954 coelesti·

366 4000 433 4075 bus
456 3996 571 4095 aquis,
603 4000 761 4071 cauffave
781 4021 855 4094 qua
871 3996 951 4085 alia,
978 4023 1070 4096 quae
1088 4025 1163 4073 rem
1177 3999 1352 4075 miraculo

364 4117 547 4206 eximeret,
574 4117 611 4191 in
625 4117 852 4194 altitudinem
867 4117 1044 4194 insolitam
1061 4120 1183 4196 crevit.
1232 4118 1352 4221 Qtid·
