3067 5342
400 725 471 823 388
718 725 1038 798 T.Lrvrr

402 896 545 994 pulum,
575 893 815 972 deformatum
837 895 999 972 ordinem
1026 917 1131 994 prava
1159 890 1309 968 natione
1335 887 1385 964 se·

405 1035 521 1104 natus,
548 1041 621 1114 qua
636 1015 790 1116 potiores
803 1016 940 1116 aliquot
956 1013 1054 1090 lectis
1067 1011 1242 1112 praeteriti
1259 1013 1385 1098 essent,

402 1157 632 1235 negavemnt,
662 1163 741 1211 eam
767 1137 957 1212 lectionem
989 1132 1036 1222 se,
1077 1157 1169 1232 quae
1202 1135 1272 1208 line
1300 1131 1386 1206 teeti

402 1255 573 1356 pravique
599 1252 802 1331 discrimine
819 1257 865 1330 ad
882 1255 1030 1355 gratiam
1047 1279 1088 1328 ac
1105 1251 1295 1329 libidinem
1315 1253 1386 1327 fae·

404 1395 441 1451 ta
462 1377 557 1464 effet,
588 1373 846 1454 observaturosr
878 1375 1089 1452 &senamm
1104 1375 1287 1471 extemplo
1303 1371 1386 1447 cita·

402 1517 532 1578 verunt
543 1523 588 1572 eo
599 1496 738 1586 ordine,
765 1495 831 1600 qui
844 1517 924 1570 ante
935 1494 1092 1570 censores
1109 1499 1180 1592 Ap.
1193 1491 1388 1568 Claudium

405 1621 440 1694 δι
457 1620 500 1691 C.
518 1617 701 1692 Plautium
718 1615 844 1692 suerat.
895 1619 944 1692 Et
968 1617 1044 1690 duo
1066 1613 1215 1712 imperia
1236 1641 1279 1690 eo
1295 1639 1389 1690 anno

403 1735 481 1812 dari
497 1757 625 1834 coepta
640 1761 703 1835 per
725 1739 916 1836 populum,
946 1757 1096 1835 utraque
1116 1733 1327 1834 pertinentia
1344 1735 1388 1808 ad

404 1881 479 1930 rem
506 1855 714 1932 militarem:
743 1883 874 1945 unum,
901 1878 943 1931 ut
969 1855 1105 1931 tribuni
1132 1853 1292 1930 militum
1317 1852 1388 1928 seni

407 1973 491 2050 deni
518 1975 556 2051 in
590 1997 746 2076 quatuor
767 1976 924 2076 legiones
951 2003 971 2051 a
1002 1979 1138 2076 populo
1166 1995 1365 2052 crearentur
1377 2005 1388 2059 ;

407 2121 499 2195 quae
525 2119 639 2185 antea,
671 2121 843 2196 perquam
868 2096 989 2196 paucis
1007 2096 1170 2198 suffragio
1186 2093 1312 2196 populi
1336 2119 1387 2168 re·

405 2214 497 2292 liciis
513 2215 615 2305 locis,
641 2217 855 2294 dictatorum
874 2223 908 2292 ὅτ
925 2217 1112 2294 consulum
1128 2215 1239 2294 serme
1254 2215 1391 2290 fuerant

407 2333 592 2412 beneficia.
641 2337 774 2412 Tulere
792 2363 869 2414 eam
888 2337 1107 2439 rogationem
1121 2338 1257 2414 tribuni
1274 2336 1389 2437 plebei

406 2455 455 2532 L.
478 2454 627 2544 Atilius,
658 2457 701 2532 C.
724 2457 897 2534 Marcius.
949 2460 1128 2548 Alterum,
1158 2480 1201 2533 ut
1223 2457 1390 2535 duumvi-

406 2601 463 2652 ros
487 2577 625 2662 navales
647 2577 755 2651 clallis
781 2581 958 2656 ornandae
981 2578 1263 2678 reficiendaeque
1279 2580 1392 2654 caussa

407 2693 505 2770 idem
521 2698 675 2797 populus
689 2697 843 2794 juberet.
894 2701 1006 2776 Lator
1021 2701 1127 2797 hujus
1142 2699 1315 2800 plebisciti
1335 2699 1390 2774 fu-

408 2813 437 2890 it
453 2817 511 2890 M.
527 2815 662 2898 Decius
675 2817 839 2898 tribunus
853 2817 979 2916 plebis.
1031 2820 1200 2918 Ejusdem
1215 2820 1299 2897 anni
1317 2847 1391 2897 rem

407 2934 508 3010 dictu
525 2961 668 3034 parvam
694 2937 930 3036 praeterirem,
956 2939 993 3014 ni
1011 2940 1057 3018 ad
1085 2939 1296 3041 religionem
1320 2941 1391 3018 visa

257 3101 261 3107 -
408 3054 490 3128 effet
505 3053 689 3154 pertinere.
739 3057 939 3148 Tibicines,
955 3059 1043 3159 quia
1055 3062 1259 3160 prohibitia
1274 3063 1392 3167 proxi·

409 3173 479 3250 mir
494 3171 697 3250 censoribus
723 3192 822 3252 erant
851 3178 890 3254 in
915 3182 1002 3256 aede
1032 3181 1132 3276 Jovis
1157 3181 1264 3272 vesci,
1291 3185 1390 3284 quod

411 3293 580 3374 traditum
606 3293 804 3395 antiquitus
820 3321 905 3388 erat,
936 3327 1037 3400 aegre
1054 3305 1150 3400 palsr,
1177 3303 1297 3378 Tibur
1317 3329 1392 3380 uno

411 3412 552 3512 agmine
578 3415 759 3494 abieruntr
794 3419 884 3494 adeo
910 3441 953 3496 ut
984 3447 1091 3498 nemo
1120 3422 1159 3498 in
1181 3426 1269 3499 urbe
1296 3426 1392 3512 esset,

410 3531 475 3632 qui
492 3531 668 3617 sacrificiis
690 3537 916 3635 praecineret.
968 3540 1054 3639 Ejus
1068 3541 1119 3618 rei
1136 3539 1260 3642 religio
1277 3545 1392 3622 tenuit

408 3652 567 3732 senatum
575 3689 587 3744 3
619 3655 823 3762 legatosque
846 3659 966 3736 Tibur
985 3659 1168 3752 miserunt,
1201 3685 1243 3739 ut
1269 3667 1394 3741 darent

408 3801 566 3875 operam,
596 3797 638 3853 ut
663 3775 701 3850 hi
727 3775 902 3854 homines'
918 3781 1093 3861 Romanis
1119 3783 1393 3861 restituerentur.

246 3901 250 3910 '
410 3895 609 3986 Tiburtini,
638 3896 792 3998 benigne
809 3899 973 3995 polliciti,
1005 3901 1165 4000 primum
1181 3903 1317 3982 adcitos
1332 3933 1393 3982 eos

408 4014 447 4090 in
460 4016 596 4092 curiam
612 4017 740 4092 hortati
754 4015 847 4106 sunt,
874 4019 927 4094 uti
942 4043 1195 4101 reverterentur
1216 4029 1392 4103 Romam:

407 4134 596 4236 postquam
612 4135 760 4236 perpelli
778 4137 988 4236 nequibant,
1019 4143 1177 4234 corallio,
1210 4149 1308 4222 haud
1331 4150 1393 4223 ab·
