3067 5342
381 623 481 766 76¹
711 669 1025 744 T.L1r11

377 859 539 914 mentum
565 841 789 938 populatores
814 869 979 942 agrorum
1006 847 1219 943 praeberent
1269 847 1356 918 Pro-

378 958 569 1034 ficiscentes
586 961 707 1034 Gallos
723 965 769 1035 ab
785 966 874 1036 urbe
890 965 936 1037 ad
948 965 1156 1037 Romanam
1172 961 1357 1060 experien-

376 1081 460 1153 dam
477 1079 643 1153 virtutem
660 1079 800 1154 fortuna
820 1079 892 1179 ipsa
906 1084 1076 1170 Ardeam,
1103 1081 1166 1157 ubi
1185 1082 1360 1156 Camillus

376 1197 566 1286 exsulabat,
584 1199 704 1272 duxit:
721 1200 786 1298 qui
799 1201 964 1274 moestior
978 1199 1029 1276 ibi
1042 1200 1184 1275 fortuna
1197 1201 1356 1300 publica,

376 1345 484 1417 quarn
507 1317 580 1406 sua,
605 1345 720 1416 quum
750 1319 831 1393 Diis
857 1319 1134 1418 hominibusque
1152 1321 1358 1395 accusandis

377 1437 577 1526 senesceret,
608 1437 830 1537 indignando
860 1439 1094 1538 mirandoque
1120 1440 1184 1514 ubi
1211 1440 1263 1514 illi
1288 1440 1358 1513 viri

376 1560 497 1644 essent,
514 1557 578 1656 qui
596 1557 714 1631 secum
733 1558 838 1654 Vejos
855 1557 1076 1655 Faleriosque
1093 1559 1273 1658 cepissent,
1290 1559 1358 1658 qui

375 1677 442 1752 alia
458 1680 549 1753 bella
565 1676 689 1751 fortius
706 1676 853 1774 semper,
871 1704 981 1775 quarn
997 1678 1149 1768 felicius,
1166 1683 1358 1778 geffissent3

376 1819 518 1896 repente
550 1795 664 1884 audit,
708 1799 895 1870 Gallorum
928 1798 1125 1872 exercitum
1154 1801 1358 1885 adventare,

375 1940 482 2015 atque
513 1917 558 1991 de
584 1943 627 1989 eo
650 1915 796 2014 pavidos
823 1919 994 1991 Ardeates
1020 1917 1226 1992 consultare.
1276 1921 1359 1992 Nec

377 2037 475 2112 secus
492 2061 601 2135 quam
618 2033 742 2109 divino
759 2034 882 2133 spiritu
896 2039 1021 2123 radus,
1047 2061 1163 2134 quum
1180 2037 1213 2111 se
1227 2037 1266 2110 in
1282 2064 1358 2111 me-

380 2155 476 2230 diam
503 2155 714 2230 concionem
738 2154 918 2244 intulisset,
945 2157 1115 2231 abstinere
1137 2157 1256 2231 suetus
1277 2180 1357 2231 ante

376 2277 504 2352 talibus
515 2273 673 2350 conciliis
686 2307 697 2360 3

427 2397 563 2469 XLIV.
592 2405 617 2436 “
637 2396 844 2483 Ardeates-,'’
873 2394 1004 2494 inquit,
1035 2407 1208 2470 “veteres
1236 2394 1358 2482 amici,

379 2527 403 2560 “
423 2513 506 2588 novi
525 2511 631 2586 etiam
646 2511 739 2586 cives
758 2514 843 2601 mei,
868 2518 1014 2614 quando
1030 2519 1065 2589 a
1078 2517 1233 2590 vestmm
1250 2519 1358 2589 bene-

377 2647 402 2680 “
421 2633 545 2708 ficium
562 2631 611 2705 ita
628 2631 721 2719 tulit,
745 2638 780 2706 lle
798 2633 939 2708 fortuna
953 2638 1021 2709 hoc
1033 2635 1108 2735 egit
1126 2663 1216 2723 mea,
1249 2661 1358 2709 nemo

378 2767 402 2799 ‘⁸
421 2753 574 2829 vestrum
592 2751 808 2826 conditionis
825 2781 924 2828 meae
940 2755 1094 2829 oblitum
1113 2783 1170 2829 me
1187 2759 1259 2830 huc
1276 2781 1357 2854 pro-

378 2889 403 2922 “
423 2877 547 2951 cesfisse
573 2893 689 2969 putet:
721 2871 781 2946 sed
804 2900 917 2948 resae
939 2875 1140 2972 periculum
1161 2899 1358 2949 commune

376 3008 401 3041 “
420 2993 530 3094 cogit,
546 2994 645 3090 quod
660 2990 811 3090 quisque
824 2997 925 3092 poffit
938 2993 976 3067 in
990 3021 1025 3067 re
1036 2994 1172 3091 trepida
1185 2993 1357 3092 praesidii,

378 3128 403 3162 “
423 3115 460 3188 in
474 3111 635 3187 medium
653 3112 821 3187 conferre.
873 3117 921 3187 Et
934 3116 1080 3212 quando
1097 3141 1165 3212 ego
1177 3113 1279 3187 vobis
1293 3140 1359 3211 pro

379 3249 403 3281 “
422 3233 526 3308 tantis
548 3231 667 3306 vestris
686 3231 724 3305 in
748 3259 806 3306 me
828 3233 963 3307 meritis
986 3232 1133 3333 gratiam
1151 3231 1310 3321 reseram,
1333 3236 1358 3306 fi

377 3367 402 3400 “
422 3377 518 3426 nunc
535 3353 732 3425 cessavero?
763 3373 823 3425 aut
840 3354 904 3426 ubi
922 3352 1005 3426 usus
1022 3353 1087 3426 erit
1103 3352 1175 3426 mei
1191 3352 1307 3440 vobis,
1335 3358 1358 3426 sr
1421 3401 1425 3410 ·

377 3487 402 3520 “
423 3473 459 3546 in
472 3472 566 3546 bello
584 3496 656 3543 non
673 3470 802 3544 fuerit?
826 3475 909 3545 Hac
924 3494 995 3545 arte
1013 3471 1050 3545 in
1067 3472 1177 3569 patria
1193 3471 1290 3559 steti3
1308 3477 1357 3560 δι,

379 3605 404 3638 “
423 3591 575 3666 invictus
589 3591 696 3677 bello
717 3589 754 3662 in
775 3617 861 3689 pace
874 3593 919 3664 ab
934 3591 1078 3689 ingratis
1088 3591 1227 3667 civibus
1237 3591 1359 3690 pulsus

377 3726 402 3760 “
421 3711 509 3788 sum.
560 3709 672 3784 Vobis
695 3733 827 3796 autem,
860 3712 1043 3800 Ardeates,
1075 3711 1217 3787 fortuna
1242 3715 1360 3787 oblata

378 3849 403 3881 “
422 3835 484 3922 est,
508 3838 542 3906 δι
560 3857 625 3930 pro
642 3831 745 3904 tantis
762 3831 915 3930 pristinis
932 3833 1058 3931 populi
1075 3832 1233 3907 Romani
1250 3837 1357 3907 bene-

380 3967 405 4002 “
424 3953 528 4040 ficiis,
551 3973 683 4050 quanta
700 3950 760 4050 ipsi
778 3952 999 4041 meministis,
1022 3959 1104 4050 (nec
1121 3954 1218 4027 enim
1232 3981 1358 4053 expro-

381 4087 405 4122 “
425 4073 557 4149 branda
576 4073 672 4172 apud
688 4097 862 4148 memores
881 4072 977 4168 sunt)
997 4073 1126 4174 gratiae
1142 4073 1357 4163 referendae,
