3067 5342
424 712 490 782 162
750 706 1148 781 T.Lrvrr·

421 885 639 981 “populum
665 886 875 959 Romanum
898 881 1117 983 poenituiffe.
1168 876 1384 956 Consulatum

421 1014 446 1049 ‘⁶
465 1001 634 1101 supereffe
651 1003 814 1102 plebejis:
840 1030 919 1078 eam
936 1006 1002 1079 effe
1017 1030 1133 1079 arcem
1153 998 1330 1087 libertatis,
1353 998 1386 1071 id

421 1134 446 1167 “
465 1124 644 1198 columen.
693 1122 729 1197 Si
750 1150 795 1198 eo
814 1144 1023 1223 perventum
1040 1128 1092 1211 sit,
1120 1144 1201 1195 rum
1224 1121 1386 1218 populum

421 1255 445 1287 ‘⁴
465 1246 675 1319 Romanum
692 1268 772 1317 vere
789 1246 928 1319 exactos
941 1270 985 1317 ex
1002 1246 1089 1318 urbe
1104 1268 1217 1342 reges,
1247 1246 1280 1315 δι
1297 1239 1387 1315 stabi·

421 1366 535 1437 “lem
563 1362 762 1439 libertatem
786 1363 883 1439 suam
909 1362 1206 1438 existimaturum.
1255 1359 1386 1461 Qippe

421 1496 447 1529 “
465 1511 511 1559 ex
527 1484 586 1559 illa
598 1484 657 1559 die
671 1484 710 1559 in
726 1486 868 1583 plebem
884 1506 1032 1557 ventura
1045 1482 1180 1571 omnia,
1196 1480 1325 1581 quibus
1338 1506 1388 1579 pa·

422 1616 448 1653 “
466 1604 558 1679 tricii
575 1608 761 1692 excellant,
786 1604 976 1703 imperium
992 1624 1098 1704 atque
1116 1604 1303 1688 honorem,
1325 1602 1389 1699 glo-

421 1736 447 1775 “
465 1723 553 1799 riam
584 1726 683 1812 belli,
720 1750 846 1824 genus,
883 1722 1118 1811 nobilitatem,
1161 1748 1291 1822 magna
1322 1720 1388 1818 ipsis

422 1856 446 1892 “
467 1845 629 1933 fruenda,
656 1846 787 1941 majora
813 1844 931 1919 liberis
956 1842 1227 1942 relinquenda.”
1281 1840 1390 1937 Hujus

423 1964 562 2066 generis
578 1962 751 2039 orationes
766 1963 830 2038 ubi
850 1961 962 2062 accipi
979 1962 1122 2051 videre,
1153 1988 1285 2037 novam
1302 1984 1389 2057 roga·

421 2086 557 2161 tionem
571 2086 811 2184 promulgant,
838 2106 879 2158 ut
896 2109 959 2182 pro
976 2080 1178 2157 duumviris
1199 2079 1299 2157 sacris
1318 2076 1390 2153 faci-

421 2204 530 2279 undis
556 2202 749 2278 decemviri
772 2224 934 2277 creentur
945 2236 957 2291 ;
982 2202 1031 2277 ita
1052 2226 1093 2279 ut
1119 2230 1200 2302 pars
1224 2202 1390 2302 explebe,

422 2348 500 2421 pars
517 2348 562 2397 ex
580 2322 742 2397 Patribus
758 2324 839 2397 frat:
865 2322 1101 2421 omniumque
1116 2350 1240 2399 earum
1255 2318 1391 2421 rogatio

421 2467 509 2515 num
525 2440 671 2516 comitia
683 2440 721 2515 in
734 2442 928 2516 adventum
942 2443 1016 2538 ejus
1033 2443 1212 2522 exercitus
1223 2442 1390 2524 differunt,

422 2561 487 2661 qui
505 2560 654 2637 Velitras
671 2563 861 2637 obsidebat.

469 2684 682 2758 XXXVIII.
714 2680 815 2757 Prius
832 2680 1064 2759 circumaclus
1081 2684 1130 2759 est
1145 2710 1275 2771 annus,
1292 2702 1388 2779 quam

422 2802 601 2879 aVelitris
620 2803 872 2878 reducerentur
887 2802 1054 2903 legiones.
1105 2806 1158 2877 Ita
1177 2798 1334 2902 suspensa
1354 2796 1392 2869 de

422 2921 563 3021 legibus
597 2948 650 2997 res
676 2924 724 2997 ad
757 2948 868 2997 novos
902 2922 1062 2999 tribunos
1092 2922 1253 3000 militum
1286 2919 1391 2995 dilata.

424 3044 522 3118 Nam
542 3043 655 3142 plebis
671 3042 830 3119 tribunos
852 3042 1005 3131 eosdem,
1035 3044 1126 3118 duos
1149 3044 1292 3144 utique,
1320 3035 1395 3137 quia

424 3164 546 3261 legum
574 3164 698 3238 latores
723 3184 832 3251 erant,
860 3165 980 3260 plebes
1007 3163 1197 3240 reficiebat.
1249 3155 1393 3239 Tribuni

424 3282 581 3357 militum
598 3281 703 3358 creati
719 3286 766 3359 T.
782 3282 989 3383 Qrinctius,
1015 3286 1086 3359 Ser.
1100 3284 1302 3372 Cornelius,
1332 3282 1395 3354 Ser.

424 3401 615 3500 Sulpicius,
629 3404 689 3499 Sp.
702 3401 881 3491 Servilius,
904 3405 949 3477 L.
965 3402 1137 3502 Papirius,
1159 3408 1206 3481 L.
1225 3399 1394 3481 Veturius.

425 3518 608 3620 Principio
630 3520 746 3595 statim
771 3521 854 3596 anni
880 3524 927 3595 ad
948 3521 1110 3597 ultimam
1137 3523 1395 3601 dimicationem

424 3640 470 3715 de
483 3638 622 3741 legibus
638 3663 804 3715 ventum:
832 3646 880 3731 ὅτ,
908 3669 1024 3742 quum
1050 3642 1160 3721 tribus
1182 3660 1394 3725 vorarentur,

426 3789 493 3838 nec
512 3762 706 3837 interceffio
722 3764 937 3863 collegarum
959 3764 1129 3840 latoribus
1146 3764 1309 3854 obstaret,
1336 3783 1395 3836 tre·

424 3880 502 3982 pidi
520 3886 636 3957 Patres
651 3882 697 3957 ad
723 3883 798 3956 duo
814 3880 941 3957 ultima
963 3884 1107 3973 auxilia,
1138 3886 1317 3967 summum
1335 3880 1395 3954 im·

424 4002 562 4102 perium
580 4002 832 4101 summumque
852 4004 898 4078 ad
915 4002 1043 4093 civem,
1061 4006 1265 4086 decurrunt.
1315 4002 1393 4080 Dic-

424 4144 573 4197 tatorem
582 4120 655 4195 dici
668 4124 794 4221 placet.
846 4122 988 4199 Dicitur
1001 4128 1059 4201 M.
1074 4125 1202 4201 Furius
1216 4126 1392 4207 Camillus,
