3067 5342
404 742 475 817 ¹34
735 694 1050 789 T.Lrv11

403 894 484 967 Nec
502 888 583 965 Diis
607 888 708 963 cordi
724 887 825 962 fuiffe
849 914 1001 987 poenam
1018 886 1092 983 ejus
1108 886 1262 961 oblatam
1275 908 1375 981 prope

402 1010 517 1085 oculis
543 1008 625 1098 suis,
651 1036 673 1083 a
698 1036 773 1109 quo
797 1007 857 1083 sua
879 1010 1010 1109 templa
1038 1027 1157 1107 erepta
1178 1032 1198 1081 e
1221 1000 1376 1079 manibus
1505 1068 1506 1073 ,

404 1128 560 1205 hostium
577 1132 695 1205 effent.

451 1252 555 1323 XXI.
585 1248 825 1325 Pestilentiam
852 1248 973 1349 inopia
1001 1248 1161 1349 frugum,
1203 1250 1238 1320 u
1264 1246 1378 1343 vulga-

402 1390 475 1448 tam
489 1369 674 1469 utriusque
690 1370 774 1443 mali
787 1369 918 1445 famam
935 1396 1028 1445 anno
1044 1368 1252 1469 insequente
1266 1364 1378 1439 multi-

402 1492 487 1589 plex
517 1492 652 1565 bellum
675 1489 830 1589 excepit,
874 1494 921 1565 L„
952 1489 1092 1565 Valerio
1122 1510 1304 1589 quartum,
1336 1491 1378 1560 Α.

404 1610 547 1684 Manlio
569 1610 726 1704 tertium,
765 1614 836 1685 Ser.
857 1610 1015 1711 Sulpicio
1044 1610 1206 1698 tertium,
1240 1611 1287 1683 L
1309 1610 1380 1682 Lu-

402 1727 527 1818 cretio,
566 1732 613 1804 L.
639 1730 799 1805 Aemilio
829 1731 987 1821 tertium,
1018 1734 1077 1807 M.
1099 1728 1299 1817 Trebonio,
1325 1726 1381 1800 tri-

403 1850 511 1929 bunis
527 1850 686 1925 militum
702 1850 875 1927 consulari
898 1852 1077 1951 potestate.
1127 1850 1263 1927 Hostes
1290 1845 1379 1934 novi,
1508 1844 1509 1879 l

404 1992 539 2071 praeter
554 1969 698 2046 Volscos
714 1973 813 2045 velut
829 1969 915 2047 sorte
934 1974 1089 2071 quadam
1107 1998 1217 2072 prope
1233 1970 1269 2045 in
1282 1988 1380 2043 aeter-

404 2117 494 2165 num
521 2092 719 2165 exercendo
741 2094 911 2167 Romano
936 2090 1042 2167 militi
1070 2092 1187 2181 datos,
1222 2084 1379 2183 Circejos·

405 2236 476 2310 que
494 2215 529 2285 de
545 2210 693 2285 Velitras
705 2212 1004 2309 coloniasjamdiu
1020 2212 1208 2289 molientes
1221 2205 1380 2285 defeuio
1509 2246 1510 2253 κ

406 2356 503 2416 nem,
551 2333 585 2403 dr
614 2328 814 2429 suspetium
845 2331 1005 2422 Latium,
1050 2330 1236 2409 Lanuvini
1269 2328 1378 2411 etiam,

406 2474 499 2547 quae
528 2450 723 2525 fidelissima
750 2454 834 2526 urbs
863 2450 987 2541 fuerat,
1022 2452 1139 2529 subito
1170 2450 1294 2531 exorti.
1340 2446 1379 2520 ld
1510 2540 1511 2549 ἵ

407 2572 526 2643 Patres
559 2568 624 2643 rati
654 2592 837 2647 contemtu
868 2570 1039 2660 accidere,
1072 2576 1174 2672 quod
1203 2566 1380 2649 Veliternis

405 2690 546 2766 civibus
562 2689 631 2766 suis
644 2690 781 2765 tamdiu
800 2690 963 2789 inpunita
972 2693 1124 2769 defedio
1140 2699 1239 2783 effer,
1269 2694 1379 2767 decre·
1511 2740 1512 2775 ᾗ

403 2833 546 2902 verunt,
569 2833 612 2886 ut
637 2812 754 2910 primo
779 2837 927 2911 quoque
950 2834 1109 2912 tempore
1132 2816 1180 2889 ad
1215 2813 1378 2914 populum

406 2932 554 3009 ferretur
566 2934 613 3007 de
632 2934 728 3009 bello
740 2932 790 3007 eis
807 2932 1011 3007 indicendo.
1063 2934 1125 3008 Ad
1138 2960 1250 3033 quam
1267 2927 1378 3009 militi-

406 3080 465 3128 am
480 3080 554 3153 quo
569 3051 718 3152 paratior
734 3054 854 3151 plebes
867 3054 961 3140 effer,
985 3051 1244 3153 quinqueviros
1260 3056 1379 3149 Pomp

405 3174 484 3253 o'no
500 3200 585 3274 agro
601 3172 812 3261 dividendo
841 3177 875 3247 dr
902 3172 1103 3247 triumviros
1129 3176 1270 3275 Nepete
1293 3172 1379 3249 colo

406 3294 485 3369 niae
512 3294 745 3368 deducendae
773 3316 986 3368 creaverunt.
1037 3296 1152 3384 Tum,
1185 3320 1229 3373 ut
1256 3294 1379 3371 bellum

401 3414 583 3511 juberent,
619 3415 731 3487 latum
754 3414 801 3487 ad
830 3417 1004 3513 populum
1028 3416 1103 3491 est:
1153 3422 1202 3507 de,
1237 3410 1379 3513 nequid-

407 3558 517 3631 quam
540 3532 821 3607 diffiradentibus
849 3534 1000 3610 tribunis
1024 3537 1150 3635 plebis,
1181 3562 1304 3614 omnes
1325 3526 1380 3605 tri·

407 3655 476 3729 bus
493 3652 628 3727 bellum
651 3652 837 3747 jullerunt.
889 3657 1111 3755 Adparatum
1138 3686 1182 3733 eo
1206 3682 1298 3735 anno
1313 3650 1380 3727 bel·

407 3776 486 3849 lum
498 3772 568 3861 est;
597 3772 771 3853 exercitos
788 3796 931 3872 propter
947 3776 1180 3875 pestilentiam
1197 3806 1270 3855 non
1280 3774 1378 3849 educ·

408 3918 477 3971 tus.
538 3898 663 3993 anue
685 3894 868 3974 cundatio
901 3897 1036 3972 colonis
1060 3898 1211 3997 spatium
1245 3896 1380 3974 dederat

408 4012 622 4113 deprecandi
636 4012 794 4093 senatum
802 4048 813 4102 ;
838 4020 872 4091 δι
890 4042 1020 4117 magna
1035 4018 1225 4095 hominum
1241 4042 1312 4121 port
1327 4036 1377 4095 e⁰2

403 4158 446 4211 ut
468 4134 599 4234 legatio
625 4134 774 4234 supplex
809 4138 966 4211 Romam
992 4138 1202 4230 mitteretur,
1241 4136 1376 4216 inclina-
