3067 5342
516 721 745 793 Lroun
798 719 863 792 IX.
1108 739 1178 818 357

195 913 239 970 ut
271 889 392 978 militi,
440 911 615 988 occupato
656 891 864 966 stationibus
902 887 1103 989 vigiliisque
1139 896 1173 965 δι
1229 957 1232 963 .

195 1038 314 1111 opere,
347 1037 456 1108 eques
472 1009 638 1085 folliculis
654 1009 693 1084 in
712 1009 819 1085 castra
832 1011 877 1084 ab
894 1007 1000 1106 Arpis
1017 1007 1175 1084 frumen-

184 1153 275 1206 tum
290 1133 457 1217 veheret3
491 1128 671 1231 interdum
688 1128 839 1205 obcursu
860 1128 1015 1202 hostium·
1032 1155 1174 1228 cogere·

195 1272 266 1339 tur,
289 1251 426 1346 abjedlo
442 1275 487 1324 ex
504 1261 598 1348 equ'o
615 1246 807 1336 frumento,
832 1273 1000 1347 pugnare.
1049 1247 1175 1323 Obses-

195 1373 236 1444 fis
253 1369 363 1467 prius,
388 1393 499 1467 quam
526 1371 612 1442 alter
634 1367 756 1442 consul
778 1366 910 1441 victore
936 1367 1172 1460 exercituad-

194 1489 306 1578 venit,
340 1493 374 1563 δε
396 1509 614 1564 commeatus
630 1514 675 1561 ex
688 1485 871 1563 montibus
885 1487 1100 1562 Samnitium
1120 1487 1173 1562 in-

193 1607 410 1697 vestierant,
442 1613 476 1682 δι
497 1607 629 1682 auxilia
645 1606 847 1682 intromissa.
898 1607 1040 1682 Artiora
1053 1607 1175 1682 omnia

179 1730 366 1810 adventus
396 1727 543 1802 Publilii
567 1725 671 1814 fecit;
702 1726 780 1824 qui,
808 1726 987 1801 obsidione
1015 1729 1174 1827 delegata

194 1847 232 1922 in
250 1873 372 1923 curam
399 1849 567 1946 collegae,
596 1871 730 1920 vacuus
755 1872 818 1943 per
843 1873 942 1946 agros
968 1849 1096 1920 cuncta
1119 1845 1173 1921 in-

194 1966 279 2043 festa
295 1966 551 2042 commeatibus
564 1964 718 2040 hostium
731 1965 869 2040 fecerat.
918 1968 1042 2065 Itaque
1056 1992 1172 2063 quum

192 2086 269 2186 spes
286 2088 383 2161 nulla
398 2089 493 2175 effer,
520 2085 656 2160 diutius
682 2083 831 2161 obsessos
854 2085 1012 2184 inopiam
1029 2087 1172 2175 laturos,

192 2205 304 2282 coedi
328 2206 512 2295 Samnites,
537 2205 602 2305 qui
631 2207 677 2279 ad
705 2203 896 2279 Luceriam
929 2205 1037 2279 castra
1066 2207 1173 2280 habe·-

193 2331 292 2415 bant‚
325 2326 490 2425 undique
508 2323 695 2400 contractis
717 2322 865 2412 viribus,
897 2327 991 2423 figna
1005 2351 1090 2398 cum
1106 2328 1172 2400 Pa·

191 2445 284 2545 pirio
296 2444 467 2521 conferre.

239 2568 341 2640 XIV.
367 2567 434 2640 Per
450 2565 489 2640 id
505 2586 657 2663 tempus,
685 2563 888 2662 parantibus
904 2563 1060 2662 utrisque
1077 2562 1110 2638 se
1125 2563 1171 2637 ad

189 2682 378 2783 proelium,
403 2683 509 2784 legati
542 2680 726 2758 Tarentini
755 2681 1006 2769 interveniunt,
1032 2685 1170 2756 denun-

190 2802 322 2878 ciantes
341 2803 558 2878 Samnitibus
574 2801 833 2900 Romanisque,
859 2824 900 2876 ut
913 2803 1048 2878 bellum
1065 2800 1170 2875 omit·

190 2944 314 2999 terent.
364 2925 431 2997 Per
446 2946 544 2996 utros
566 2920 718 3010 stetisset,
746 2946 820 3020 quo
837 2920 956 2996 minus
977 2920 1169 2996 discedere·
1222 2959 1226 2974 ·

190 3063 248 3116 tur
261 3045 306 3116 ab
320 3040 438 3130 armis,
464 3039 628 3114 adversus
647 3066 706 3114 eos
721 3039 754 3115 se
772 3067 836 3139 pro
852 3041 966 3115 alteris
992 3062 1170 3140 pugnatu-

188 3187 255 3236 ros.
306 3163 360 3234 Ea
372 3158 546 3260 legatione
560 3159 720 3258 Papirius
735 3159 867 3249 audita,
881 3159 1028 3259 perinde
1041 3187 1081 3234 ac
1093 3185 1170 3234 mo-

189 3277 368 3354 madidis
392 3305 531 3367 eorum,
557 3305 642 3354 cum
669 3281 805 3378 collega
827 3277 859 3353 se
884 3278 1169 3353 communicatu-

189 3425 269 3475 rum
284 3398 479 3496 respondit:
504 3399 695 3495 adcitoque
711 3424 768 3486 e0‚
800 3424 915 3496 quum
936 3419 1076 3494 tempus
1092 3421 1170 3470 om-

188 3545 233 3594 ne
268 3516 306 3593 in
336 3521 502 3617 adparatu
532 3516 778 3605 consumsisset,
815 3519 1025 3592 conlocutus
1057 3517 1104 3590 de
1133 3542 1169 3591 re

186 3641 283 3713 haud
306 3637 430 3727 dubia,
470 3640 609 3736 fignum
639 3660 780 3734 pugnae
803 3635 995 3733 proposuit.
1047 3640 1170 3734 Agen-

187 3759 283 3835 tibus
310 3759 433 3834 divina
460 3760 702 3855 humanaque,
738 3781 830 3853 quae
856 3753 1026 3841 adsolent,
1053 3780 1170 3852 quum

188 3878 263 3954 acie
280 3878 529 3953 dimicandum
542 3875 604 3962 est,
630 3871 847 3961 consulibus,
873 3871 1058 3947 Tarentini
1075 3875 1169 3973 lega-
1285 3929 1288 3936 .

188 3996 215 4072 ti
234 3997 433 4086 obcursare,
459 3993 661 4095 responsum
676 3992 927 4090 exspeelantes‚
952 3991 1086 4091 quibus
1102 3997 1169 4068 Pa-

189 4116 301 4217 pirius
331 4123 397 4192 a'r't:
431 4127 457 4162 “
481 4112 652 4214 Auspicia
676 4110 830 4187 secunda
856 4115 936 4202 else,
969 4113 1169 4205 Tarentini,
