3067 5342
524 694 905 777 Lrnanlls..
1112 729 1185 805 423

206 885 392 976 scentiam,
408 889 474 988 qui
491 889 542 966 ibi
558 891 773 981 adsidebant,
798 891 1036 972 adsurredtum
1051 895 1084 982 ei
1107 921 1182 974 non

207 1010 302 1098 effer,
328 1012 487 1084 curulem
520 997 647 1086 adferri
676 1011 795 1088 sellam
823 1040 867 1088 eo
892 1015 1001 1111 juffit,
1032 1042 1072 1092 ac
1104 1015 1184 1096 sede

182 1127 352 1236 ‘honoris
384 1127 436 1204 sui
472 1130 596 1206 anxios
634 1130 771 1207 invidia
808 1131 973 1210 inimicos
1007 1134 1182 1234 spedavit.

206 1249 376 1325 Ceterum
394 1251 558 1327 Flavium
575 1250 712 1326 dixerat
732 1251 882 1328 aedilem
907 1252 1048 1332 forensis
1065 1256 1184 1348 sadio,

207 1373 280 1468 Ap.
309 1367 453 1444 Claudii
486 1368 629 1445 censura
655 1369 747 1446 vires
780 1372 892 1458 nasta,
928 1371 992 1470 qui
1025 1371 1185 1452 senatum

207 1489 344 1590 primus
360 1488 606 1565 libertinorum
620 1489 701 1565 filiis
718 1490 815 1566 lestis
832 1489 1087 1590 inquinaverat.
1137 1497 1187 1572 Et

206 1610 395 1711 postquam
433 1636 512 1685 eam
545 1610 734 1686 ledionem
765 1635 873 1685 nemo
903 1633 1013 1686 ratam
1045 1614 1185 1705 habuit,

178 1733 284 1806 'nec
300 1721 339 1804 in
368 1728 468 1805 curia
490 1732 639 1828 adeptus
668 1750 753 1820 erat,
788 1757 876 1830 quas
909 1731 1069 1829 petierat,
1099 1760 1185 1834 opes

207 1852 358 1925 urbanas
365 1883 377 1938 3
403 1849 602 1926 humilibus
617 1876 679 1949 per
701 1876 824 1925 omnes
847 1849 960 1925 tribus
977 1850 1106 1940 divifis,
1132 1852 1186 1929 fo·

206 1997 287 2052 rum
314 1974 348 2044 a
380 1994 550 2068 campum
580 1970 758 2068 conrupit.
809 1970 1043 2070 Tantumque
1074 1972 1189 2049 Flavii

206 2089 354 2168 comitia
377 2087 596 2192 indignitatis
625 2092 841 2177 habuerunt,
867 2111 909 2165 ut
932 2089 1095 2190 plerique
1118 2118 1188 2167 no·

207 2209 339 2289 bilium
368 2211 518 2286 annulos
545 2235 668 2285 aureos
701 2213 737 2284 a
770 2211 927 2310 phaleras
956 2210 1185 2311 deponerent.

208 2334 269 2407 Ex
290 2349 340 2407 ‘eo
363 2350 522 2429 tempore
553 2330 592 2404 in
619 2332 707 2405 duas
734 2350 847 2428 partes
877 2327 1022 2406 discessit
1051 2331 1186 2414 civitas.

207 2453 323 2532 Aliud
339 2452 474 2552 integer
489 2453 659 2551 populus,
674 2449 791 2526 fautor
808 2455 844 2525 lla
860 2453 976 2526 cultor
991 2453 1185 2542 bonorum,

204 2571 304 2654 aliud
320 2571 461 2648 forensis
482 2571 588 2650 ladio
611 2572 752 2654 tenebat
758 2603 772 2659 ;
796 2572 910 2656 donec
933 2570 1186 2673 QFabius&

205 2697 251 2769 P.
272 2692 408 2769 Decius
430 2691 587 2769 censores
613 2690 713 2777 sadis
739 2696 775 2765 δι
801 2691 946 2780 Fabius,
972 2692 1073 2765 firnul
1098 2718 1184 2768 con·

206 2814 347 2899 cordiae
369 2815 496 2902 caussa,
520 2815 623 2888 fimul
649 2838 694 2887 ne
711 2811 995 2887 humillimorum
1013 2808 1051 2884 in
1074 2837 1184 2889 manu

205 2933 353 3017 comitia
376 2937 497 3022 essent,
526 2958 671 3010 omnem
697 2930 869 3007 sorensem
892 2933 1034 3006 turbam
1064 2957 1183 3008 excre-

205 3076 278 3140 tam
303 3053 342 3129 in
365 3075 520 3153 quatuor
548 3052 662 3129 trihus
690 3049 854 3149 conjecit,
880 3048 1100 3150 urbanasque
1126 3077 1184 3126 eas

204 3172 403 3276 adpellavit.
453 3175 630 3273 Adeoque
658 3197 736 3247 earn
765 3195 841 3246 rem
865 3194 1047 3271 acceptam
1078 3176 1185 3276 gratis

205 3295 333 3376 animis
357 3292 487 3383 serunt,
511 3312 553 3369 ut
578 3289 737 3367 Maximi
762 3316 978 3392 cognomen,
1004 3297 1106 3394 quod
1131 3313 1186 3371 tot

204 3411 361 3491 nistoriis
388 3441 462 3489 non
492 3431 684 3512 pepererat,
718 3413 785 3487 hac
816 3412 984 3490 ordinum
1012 3433 1184 3515 tempera·

205 3536 302 3612 tione
314 3555 460 3637 pareret.
510 3537 572 3608 Ab
595 3534 723 3609 eodem
748 3529 951 3609 institutum
976 3532 1120 3630 dicitur,
1141 3555 1184 3611 ut

203 3653 342 3758 equites
360 3653 483 3732 Idibus
496 3651 741 3757 Qrindtilibus
756 3650 1067 3732 transveherentur.

474 4031 582 4087 FINIS
611 4029 713 4084 ΤΟΜῙ
741 4029 926 4095 sacuam.
