3067 5342
491 685 722 756 Lraan
775 681 856 758 VII.
1084 713 1151 788 213

162 854 420 958 QPublilius,
438 857 550 932 &Ti
569 858 764 934 Aemilius:
794 857 964 956 quirem,
983 855 1150 932 difficilli-

164 1005 266 1052 mam
289 980 451 1066 traciam,
477 981 743 1078 &plerumque
766 978 855 1077 parti
869 978 1032 1076 utrique,¹
1058 976 1147 1052 sem·

161 1123 230 1196 per
243 1119 335 1172 certe
351 1097 462 1186 alteri,
489 1125 645 1198 gravem,
673 1126 789 1197 quum
806 1100 873 1173 alia
890 1099 1147 1188 moderatione,

158 1241 243 1293 tum
267 1218 440 1316 inpendio
457 1219 569 1319 magis
591 1220 752 1319 publico,
781 1221 1049 1319 quamjactura,
1079 1218 1149 1294 sus·

156 1338 358 1413 tinuerunt.
408 1342 529 1415 Tarda
552 1340 650 1414 enim
674 1341 832 1429 nomina,
864 1345 898 1414 dt
933 1339 1146 1436 inpeditiora

160 1458 290 1533 inertia
315 1459 534 1548 debitorum,
562 1483 671 1559 quam
696 1460 937 1547 facultatibus,
970 1480 1032 1532 aut
1056 1485 1147 1533 aera·

153 1579 268 1667 rium,
285 1583 411 1656 mensis
429 1605 515 1654 cum
531 1607 609 1655 aere
622 1580 661 1655 in
677 1579 755 1654 foro
772 1579 902 1680 positis,
921 1577 1088 1667 dissolvit,
1106 1600 1147 1652 ut

155 1701 297 1798 populo
313 1699 411 1797 prius
427 1721 609 1774 caveretur
619 1735 631 1788 ;
661 1723 724 1775 aut
740 1700 934 1776 aestimatio
953 1698 1074 1797 aequis
1095 1725 1146 1774 re-

156 1843 242 1893 rum
268 1817 391 1916 pretiis
415 1819 592 1896 liberavit:
623 1842 664 1895 ut
691 1845 764 1895 non
781 1821 893 1896 modo
910 1825 978 1896 fine
1003 1819 1143 1915 injuria,

156 1939 349 2014 sedetiam
375 1943 443 2014 sme
470 1939 707 2039 querimoniis
728 1940 835 2040 partis
858 1938 1056 2037 utriusque,
1085 1966 1144 2014 ex-

154 2059 281 2134 hausta
295 2059 348 2132 vis
362 2059 488 2158 ingens
504 2061 592 2135 aeris
608 2060 715 2135 alieni
733 2065 783 2134 stt.
834 2063 966 2135 Terror
983 2059 1066 2134 inde
1084 2085 1142 2150 ua·

154 2206 227 2254 nus
244 2180 328 2254 belli
347 2179 499 2268 Etrusci,
527 2206 642 2279 quum
660 2182 852 2277 conjurasse
867 2179 1061 2254 duodecim
1078 2206 1142 2277 po-

151 2302 263 2399 pulos
280 2299 375 2374 sama
390 2303 486 2388 esset,
519 2300 727 2374 dictatorem
744 2299 818 2375 dici
835 2298 963 2398 co'e'git.
1014 2297 1144 2375 Dictus

153 2421 197 2495 ist
214 2420 331 2495 tastris
350 2425 409 2519 (eo
426 2420 523 2494 enim
533 2422 579 2493 ad
596 2419 754 2495 consules
767 2419 910 2494 missum
924 2417 1143 2494 senatuscon-

157 2539 293 2615 sultum
309 2541 374 2634 est)
394 2543 436 2614 C.
455 2539 587 2635 Julius,
600 2539 660 2613 cui
673 2539 837 2640 magister
849 2538 1014 2637 equitum
1029 2541 1143 2636 adjec-

155 2683 215 2735 tus
241 2663 288 2735 L.
306 2660 495 2735 Aemilius.
545 2662 715 2734 Ceterum
737 2658 821 2735 foris
848 2658 1036 2758 tranquilla
1065 2685 1142 2732 om-

158 2781 219 2855 nia
230 2779 340 2855 suere.

208 2901 330 2974 XXII.
356 2902 554 2974 Tentatum
570 2898 670 2972 domi
685 2923 747 2995 per
760 2897 981 2986 distatorem,
1009 2917 1051 3004 ut
1066 2925 1141 2974 arn·

153 3024 205 3097 bo
230 3019 369 3118 patricii
395 3019 553 3094 consules
575 3041 785 3105 crearentur,
813 3044 886 3092 rem
911 3019 956 3092 ad
974 3017 1139 3118 interreg·

155 3169 245 3216 num
271 3138 450 3238 perduxit.
471 3183 485 3209 ,-
502 3143 588 3214 Duo
614 3139 802 3238 interreges
829 3141 872 3214 C.
894 3139 1073 3238 Sulpicius
1104 3143 1137 3213 bt

154 3265 214 3336 M.
243 3259 376 3336 Fabius
407 3259 598 3358 interpositi
625 3258 824 3347 obtinuere,
854 3263 955 3358 quod
989 3259 1138 3332 dictator

154 3381 283 3456 fnrstra
307 3381 515 3467 tetenderat,
552 3379 692 3454 mitiore
713 3381 790 3474 jam
817 3381 920 3476 plebe
943 3381 991 3453 ob
1019 3405 1139 3454 recens

154 3501 325 3576 meritum
346 3500 452 3576 levati
469 3499 555 3574 aeris
577 3499 694 3587 alieni,
715 3521 757 3573 ut
773 3503 881 3574 ambo
897 3498 1035 3597 patricii
1052 3525 1137 3572 con·

153 3621 244 3695 sules
257 3641 466 3695 crearentur.
516 3620 632 3696 Creati
646 3619 717 3717 ipse
732 3622 775 3695 C.
790 3620 967 3718 Sulpicius
981 3620 1135 3708 Peticus,

153 3740 217 3838 qui
235 3739 332 3840 prior
358 3739 559 3840 interregno
573 3739 675 3828 abiit,
709 3743 743 3813 δι
771 3742 818 3813 T.
836 3737 1028 3839 Qrindlius
1046 3741 1136 3813 Pen-

153 3886 231 3935 nus.
298 3860 460 3962 Qridam
492 3856 703 3947 Kaesonem,
749 3857 808 3932 alii
843 3859 970 3953 Cajum
1003 3883 1135 3930 nomen

153 3979 329 4082 Qrinslio
356 3977 541 4076 adjiciunt.
592 3981 654 4052 Ad
678 3981 813 4053 bellum
836 3981 943 4052 ambo
974 3975 1135 4074 profesti,

155 4098 333 4175 Faliscum
373 4097 581 4200 Quinctius,
647 4097 826 4196 Sulpicius
864 4095 1134 4194 Tarquiniense,
