3067 5342
392 767 466 844 324
709 744 1021 818 T.Lrvrr

395 913 572 1016 privatum
589 917 862 1016 compendium,
888 917 927 992 in
942 917 1079 992 hostem
1093 917 1254 991 acuebat.
1304 911 1378 987 His

396 1036 558 1112 cladibus
583 1035 717 1114 subacti
740 1037 913 1112 Samnites
933 1063 1059 1136 pacem
1080 1063 1101 1110 a
1127 1035 1295 1110 dislatore
1315 1059 1378 1132 pe·

396 1155 497 1230 tiere:
529 1181 614 1231 cum
630 1182 705 1257 quo
718 1155 825 1258 pasti,
852 1181 894 1232 ut
909 1158 1043 1256 singula
1061 1155 1268 1231 vestimenta
1284 1151 1378 1226 mili-

397 1274 506 1364 tibus,
533 1279 567 1350 &
593 1303 754 1354 annuum
776 1275 994 1376 stipendium
1015 1277 1157 1363 darent3
1188 1299 1306 1373 quum
1330 1271 1381 1347 ire

398 1397 444 1472 ad
470 1395 627 1472 senatum
649 1396 730 1494 julli
759 1399 880 1484 essent,
910 1395 1088 1472 secuturos
1113 1393 1147 1470 se
1168 1392 1381 1469 dictatorem

396 1515 663 1618 responderunt,
694 1515 802 1593 unius
821 1517 893 1614 ejus
907 1515 991 1592 fidei
1008 1512 1203 1613 virtutique
1225 1516 1380 1588 caussam

398 1635 496 1712 suam
519 1637 821 1714 commendantes.
870 1638 924 1712 Ita
945 1637 1121 1738 dedustus
1142 1661 1188 1710 ex
1213 1632 1381 1712 Samniti-

396 1757 463 1832 bus
476 1755 660 1832 exercitus.

452 1878 647 1952 XXXVII.
682 1873 844 1952 Distator
859 1874 1079 1974 triumphans
1095 1877 1223 1952 urbem
1249 1875 1300 1951 est
1325 1874 1382 1949 in-

400 1997 548 2096 gressus:
583 2001 631 2084 St,
659 2023 776 2096 quum
801 1995 835 2070 se
864 1995 1037 2070 dictatura
1068 1995 1232 2072 abdicare
1261 1999 1381 2085 vellet,

393 2117 489 2216 juffu
531 2119 690 2204 Parrum,
741 2115 944 2214 priusquam
986 2115 1178 2206 abdicaret,
1221 2115 1382 2191 consules

399 2235 529 2312 creavit
543 2237 585 2310 C.
603 2233 801 2334 Sulpicium
821 2237 994 2334 longum
1011 2233 1155 2325 iterum,
1184 2241 1241 2338 Q
1255 2235 1382 2310 Aemi-

401 2356 492 2432 lium
509 2357 752 2430 Cerretanum.
801 2355 987 2444 Samnites,
1021 2353 1151 2432 infesta
1165 2382 1267 2456 pace,
1296 2355 1384 2456 quia

402 2477 448 2552 de
476 2473 745 2554 conditionibus
771 2477 952 2574 agebatur,
985 2473 1148 2553 inducias
1173 2502 1305 2552 annuas
1336 2477 1382 2551 ab

398 2599 487 2674 urbe
504 2597 709 2672 retulerunt.
759 2599 840 2671 Nec
859 2621 979 2676 earum
997 2593 1149 2695 ipsarum
1165 2593 1281 2670 sansla
1292 2597 1382 2672 fides

400 2715 487 2792 suit:
521 2718 624 2806 adeO,
651 2716 839 2817 postquam
855 2715 1038 2814 Papirium
1054 2714 1160 2793 abisse
1178 2715 1380 2815 magistratu

401 2836 612 2912 nunciatum
634 2835 697 2924 est,
723 2834 854 2910 adresli
872 2837 919 2910 ad
940 2836 1147 2912 bellandum
1162 2835 1273 2910 animi
1289 2834 1382 2911 sunt.

400 2959 443 3032 C.
461 2953 632 3054 Sulpicio,
660 2953 885 3056 QAemilio
917 2953 1087 3052 (Aulium
1109 2953 1259 3054 quidam
1275 2983 1382 3031 anna

400 3077 450 3154 les
476 3075 623 3171 habent)
660 3072 877 3162 consulibus,
910 3073 957 3150 ad
983 3073 1221 3178 defossionem
1242 3076 1382 3155 Samni-

401 3193 493 3272 tium
511 3196 676 3294 Apulum
699 3219 836 3269 novum
859 3195 993 3277 bellum
1017 3197 1163 3272 acceffit.
1213 3197 1382 3296 Utroque

401 3295 574 3391 exercitus
591 3313 691 3390 milli.
741 3311 901 3414 Sulpicio
920 3312 1106 3403 Samnites,
1125 3313 1240 3414 Apuli
1255 3315 1381 3392 Aemi·

401 3434 451 3508 lio
476 3433 564 3510 sorte
591 3456 793 3513 evenerunt.
842 3435 945 3521 Sunt,
975 3433 1040 3531 qui
1060 3461 1133 3516 non
1155 3435 1234 3535 ipfis
1250 3435 1381 3534 Apulis

401 3553 537 3632 bellum
566 3553 730 3642 inlatum,
760 3551 821 3634 sed
849 3549 960 3632 socios
986 3553 1061 3649 ejus
1089 3555 1203 3654 gentis
1229 3557 1382 3654 populos

401 3677 448 3754 ab
474 3671 687 3754 Samnitium
706 3670 742 3746 vi
763 3695 870 3772 atque
887 3671 1023 3770 injuriis
1042 3673 1202 3749 defensos
1218 3673 1381 3752 scribant.

402 3799 572 3872 Ceterum
602 3792 743 3872 fortuna
765 3791 992 3882 Samnitium,
1031 3791 1094 3869 vix
1122 3820 1143 3869 a
1168 3791 1202 3873 se
1235 3793 1313 3894 ipsrs
1338 3821 1382 3870 eo

402 3937 559 4015 tempore
577 3911 852 4012 propulsantium
873 3914 1023 4002 bellurn,
1049 3915 1195 4015 propius
1210 3935 1252 3989 ut
1268 3918 1309 3989 srt
1323 3943 1381 3990 ve-

402 4061 456 4122 ro,
489 4031 588 4120 sacit,
619 4057 691 4106 non
706 4031 835 4130 Apulis
851 4035 897 4110 ab
914 4033 1133 4111 Samnitibus
1152 4061 1248 4110 arma
1261 4034 1381 4124 inlata,

401 4151 461 4242 sed
491 4177 577 4228 cum
602 4171 750 4261 utraque
776 4154 878 4229 simul
908 4175 1012 4254 gente
1043 4156 1180 4240 bellum
1205 4154 1380 4242 Romanis
