3067 5342
480 712 826 788 LtsuuVI.
1077 735 1141 785 ιιι

163 896 188 932 “
206 885 357 963 dictator
396 886 512 976 vobis,
554 886 615 962 sed
647 886 827 975 tribunus,
873 888 1011 986 fignum
1044 886 1144 975 dedi,

163 1018 188 1051 ‘⁸
205 1033 281 1081 non
299 1004 487 1106 agnoscitis
503 1008 658 1082 ducem?
693 1033 810 1105 neque
827 1032 895 1107 ego
909 1006 1064 1081 maxima
1076 1006 1145 1083 im-

160 1136 186 1173 “
203 1126 300 1225 peria
321 1126 359 1200 in
376 1152 440 1201 vos
455 1128 633 1203 desidero:
658 1130 693 1202 ἃ
712 1152 779 1202 vos
795 1126 833 1202 in
851 1153 909 1202 me
926 1125 1030 1216 nihil,
1047 1152 1143 1226 prae-
1253 1120 1256 1127 ⁴

160 1256 186 1292 ‘⁴
204 1268 329 1321 terme
346 1244 475 1345 ipsum,
506 1245 637 1321 intueri
648 1249 761 1322 decet.
812 1250 943 1347 Neque
957 1247 1055 1325 enim
1068 1245 1143 1321 dic-

159 1377 186 1411 “
203 1388 316 1442 tatura
328 1366 420 1441 mihi
435 1392 611 1467 umquam
629 1366 765 1443 animos
784 1366 883 1457 fecit,
916 1390 957 1443 ut
974 1395 1018 1442 ne
1033 1368 1144 1443 exfili-

160 1496 185 1531 “
203 1512 268 1563 um
294 1486 447 1586 quidem
472 1488 618 1563 ademit.
667 1487 783 1563 Iidem
813 1488 922 1589 igitur
941 1516 1065 1565 ornnes
1087 1488 1143 1563 su-

160 1618 186 1652 “
202 1633 301 1683 mus:
339 1611 388 1696 &,
415 1632 531 1707 quum
548 1610 672 1684 eadem
701 1608 823 1683 omnia
846 1608 883 1683 in
912 1611 982 1685 hoc
1008 1612 1144 1686 bellum

159 1738 184 1772 “
200 1726 416 1817 adferamus,
450 1754 541 1826 quae
558 1728 597 1803 in
612 1728 727 1828 priora
737 1727 944 1819 adtulimus,
975 1731 1143 1805 eumdem

160 1859 185 1894 ‘⁴
202 1871 373 1925 eventum
386 1848 471 1927 belli
493 1848 744 1949 exspedlemus.
794 1848 908 1924 Simul
926 1849 1143 1960 coucurreri·

159 1980 184 2014 “
202 1969 261 2059 tis,
293 1971 395 2069 quod
417 1969 567 2069 quisque
591 1968 722 2046 didicit
739 1996 781 2045 ac
806 1968 1001 2060 consuevit,
1027 1969 1143 2047 faciet.

158 2100 183 2133 “
201 2092 279 2165 Vos
291 2089 456 2177 vincetis,
483 2088 536 2164 illi
552 2088 727 2190 fugient.”

206 2212 306 2287 VIII.
332 2212 428 2286 Dato
451 2209 583 2288 deinde
612 2215 723 2311 figno,
757 2238 803 2287 ex
833 2237 928 2312 equo
956 2212 1082 2303 defilit,
1109 2218 1144 2289 δι

155 2331 362 2432 proximum
376 2330 594 2432 figuiferum,
616 2357 727 2407 manu
747 2326 949 2431 adreptum,
970 2331 1089 2409 secum
1103 2332 1143 2407 in

154 2452 291 2527 hostem
313 2452 402 2552 rapit
409 2486 421 2541 3
453 2452 765 2543 “infer‚.mi1es,”
789 2454 985 2542 clamitans,
1026 2464 1051 2498 “
1076 2457 1140 2554 fig-

157 2583 182 2617 “
200 2574 327 2649 num.''
375 2575 488 2676 Qtod
503 2572 568 2650 ubi
577 2573 698 2649 videre
715 2574 832 2674 ipsum
849 2573 1055 2663 Camillum,
1066 2574 1082 2671 j

154 2696 201 2769 ad
214 2720 364 2770 munera
379 2695 533 2795 corporis
556 2693 693 2772 senedla
713 2694 926 2784 invalidum,
952 2695 1142 2771 vadentem

155 2814 195 2889 in
210 2816 340 2905 hostes,
363 2839 577 2915 procurrunt
592 2815 865 2915 pariteromnes,
891 2816 1045 2889 clamore
1060 2812 1141 2890 sub·

152 2936 240 3025 lato,
285 2939 493 3037 “Sequere
522 2936 805 3036 imperatorem,”
837 2960 901 3034 pro
925 2935 958 3009 fe
990 2934 1142 3035 quisque

153 3057 356 3132 clamantes.
408 3056 585 3132 Emiffum
602 3054 708 3131 etiam
724 3059 864 3156 signum
883 3055 1025 3133 Camilli
1044 3058 1139 3154 juffu

154 3174 193 3249 in
219 3177 377 3253 hostium
400 3176 515 3253 aciem
547 3176 688 3265 ferunt3
713 3176 825 3277 idque
851 3197 893 3251 ut
917 3197 1141 3276 repeteretur,

154 3297 350 3376 concitatos
366 3303 617 3399 antefignanos.
667 3297 723 3373 Ibi
740 3297 899 3396 primum
908 3296 1051 3396 pulsum
1065 3303 1142 3373 An-

153 3414 291 3507 tiatem,
306 3442 548 3518 terroremque
561 3445 635 3494 non
645 3417 684 3493 in
698 3418 851 3517 primam
865 3440 1005 3494 tantum
1015 3418 1142 3508 aciem,

154 3536 214 3614 sed
238 3538 347 3615 etiam
362 3542 409 3617 ad
425 3538 645 3617 subfidiarios
661 3541 848 3639 perlatum.
898 3542 980 3615 Nec
994 3537 1049 3614 vis
1066 3559 1142 3613 tan-

155 3676 235 3733 tum
254 3658 415 3736 militum
430 3664 611 3750 movebat,
636 3658 789 3735 excitata
811 3657 1004 3757 praesentia
1026 3658 1141 3747 ducis,

156 3776 216 3855 sed
232 3782 335 3878 quod
353 3779 567 3857 Volscorum
588 3780 715 3856 animis
738 3779 831 3855 nihil
848 3777 1037 3854 terribilius
1057 3800 1141 3867 erat,

155 3924 265 3998 quam
296 3899 400 4000 ipfius
431 3901 577 3978 Camilli
603 3900 692 3977 forte
725 3902 844 3975 oblata
872 3898 1014 3999 species.
1075 3901 1142 3988 Ita,

155 4043 388 4121 quocumque
413 4021 448 4098 se
471 4021 653 4112 intuliffeu
686 4019 871 4097 vidoriam
895 4018 1015 4096 secum
1046 4022 1144 4095 haud

157 4139 305 4223 dubiam
346 4144 515 4225 trahebat.
582 4139 748 4221 Maxime
790 4140 830 4218 id
872 4140 1017 4219 evidens
1061 4138 1143 4231 fuit,
