3067 5342
372 757 440 830 29²
734 729 1047 804 T.L1vrt

379 903 516 976 bellurn
536 899 686 975 initum:
721 902 823 998 cujus
839 897 925 975 socii
948 893 1129 982 Fundani,
1163 893 1241 966 dux
1262 887 1372 964 etiam

380 1018 450 1094 furt
479 1022 689 1108 Fundanus,
716 1019 903 1094 Vitruvius
932 1022 1091 1103 Vaccus3
1118 1013 1173 1088 vir
1202 1037 1276 1087 non
1303 1012 1372 1085 do-

383 1140 435 1214 mi
452 1139 581 1228 solum,
607 1138 668 1215 sed
691 1138 797 1213 etiam
815 1143 969 1225 Romae,
995 1137 1119 1211 clarus.
1170 1133 1291 1207 Aedes
1313 1130 1374 1204 fu·

386 1285 442 1334 ere
470 1260 506 1334 in
528 1257 663 1334 Palatio
679 1259 767 1354 ejus,
798 1285 890 1358 quae
910 1255 1018 1332 Vacci
1035 1276 1145 1354 prata,
1177 1251 1298 1326 diruto
1314 1277 1374 1324 ae·

386 1377 510 1454 dificio
544 1377 800 1478 publicatoque
832 1377 919 1465 solo,
946 1377 1131 1475 adpellata„
1190 1369 1375 1446 Adversus

385 1503 498 1588 hunc,
532 1499 723 1572 vastantem
753 1495 860 1573 effuse
892 1497 1054 1572 Setinum
1085 1497 1377 1588 Norbanumque

389 1625 422 1694 δι
447 1621 628 1694 Coranum
645 1643 784 1718 agrurn,
815 1619 862 1692 L.
880 1615 1041 1716 Papirius
1058 1611 1248 1714 profefiius,
1275 1610 1379 1684 haud

387 1739 512 1839 procul
543 1736 660 1810 castris
691 1739 764 1836 ejus
791 1735 959 1812 consedit.
1011 1734 1177 1811 Vitruvio
1206 1757 1287 1823 nec,
1333 1751 1379 1805 ut

387 1859 480 1934 vallo
494 1857 528 1932 se
553 1879 685 1932 teneret
707 1855 869 1932 adversus
889 1855 1097 1932 validiorem
1116 1855 1268 1943 hostem,
1293 1852 1378 1928 sana

389 1979 546 2056 constare
563 2005 676 2068 mens,
711 2003 791 2066 nec,
823 1997 866 2051 ut
889 1975 1032 2076 longius
1054 1975 1208 2051 acastris
1223 1973 1376 2050 dimica·

389 2121 455 2188 ret,
498 2099 639 2174 animus
668 2095 862 2195 subpetere.
912 2096 985 2170 vix
1012 2117 1087 2170 tota
1110 2117 1208 2170 extra
1235 2115 1378 2194 portam

391 2220 582 2295 castrorum
610 2215 786 2314 explicata
824 2216 911 2304 acie,
953 2213 1077 2316 fugam
1119 2215 1232 2315 magis
1264 2237 1375 2305 retro,

392 2361 501 2436 quarn
534 2333 712 2433 proelium
743 2355 805 2409 aut
841 2335 992 2424 hostem,
1034 2333 1208 2433 spedante
1241 2335 1374 2425 milite,

391 2459 460 2530 fine
490 2453 645 2543 consilio,
672 2457 739 2528 fine
766 2454 916 2528 audacia
942 2456 1146 2554 depugnat:
1173 2461 1210 2530 dt
1236 2475 1279 2529 ut
1305 2456 1377 2530 levi

392 2598 576 2652 momento
603 2602 668 2650 nee
688 2574 856 2674 ambigue
875 2573 924 2647 est
949 2573 1084 2662 vietum
1118 2575 1179 2666 ita,
1204 2573 1376 2650 brevitate

394 2697 465 2797 ipsa
489 2695 559 2772 loci
578 2693 744 2793 facilique
766 2716 909 2794 receptu
936 2692 975 2767 in
994 2714 1067 2768 tarn
1088 2695 1290 2794 propinqua
1305 2696 1378 2771 cas·

393 2837 457 2904 tra,
488 2817 585 2890 haud
602 2840 703 2914 aegre
720 2813 871 2888 militem
890 2841 911 2888 a
936 2816 1049 2888 multa
1073 2817 1180 2890 caede
1204 2814 1254 2888 est
1270 2835 1375 2915 ⁸tuta·

393 2957 468 3010 tus:
497 2961 563 3009 nec
587 2933 658 3009 fere
684 2931 873 3032 quisquam
895 2933 932 3008 in
949 2932 1025 3033 ipso
1042 2933 1245 3025 certamine,
1270 2935 1377 3036 pauci

392 3055 432 3130 in
458 3057 562 3130 turba
591 3053 694 3154 fugae
726 3075 915 3143 extremae,
946 3079 1062 3152 quum
1093 3055 1131 3129 in
1160 3055 1268 3132 castra
1297 3084 1377 3134 rue·

394 3196 485 3265 rent,
519 3177 623 3262 caefi3
654 3171 846 3273 primisque
875 3173 1028 3248 tenebris
1056 3173 1267 3250 Privernum
1290 3175 1377 3252 inde

395 3293 548 3396 petitum
565 3293 707 3394 agmine
725 3292 876 3392 trepid0,
906 3315 947 3368 ut
972 3293 1083 3368 muris
1105 3295 1238 3394 potius,
1266 3322 1377 3395 quam

394 3415 501 3502 vallo,
527 3412 594 3489 sese
618 3433 825 3487 tutarentur.
874 3419 910 3488 A
927 3412 1091 3511 priverno
1105 3417 1267 3492 Plautius
1291 3419 1379 3492 alter

395 3531 531 3620 consul,
558 3531 757 3630 pervastatis
783 3535 903 3631 paffim
918 3532 1010 3634 agris
1026 3536 1225 3636 praedaque
1241 3539 1377 3626 abacta,

397 3653 436 3728 in
452 3677 576 3752 agrum
594 3653 812 3726 Fundanum
835 3654 1030 3730 exercitum
1055 3654 1206 3732 inducit.
1257 3659 1379 3758 Ingre-

396 3770 510 3848 dienti
527 3771 614 3846 fines
624 3767 759 3844 senatus
777 3773 1034 3848 Fundanorum
1059 3777 1238 3864 obcurrit3
1270 3787 1296 3820 “
1316 3803 1378 3851 ne-

398 3903 423 3952 5‘
442 3911 539 3992 gant,
574 3887 607 3963 se
637 3915 701 3988 pro
731 3889 896 3967 Vitruvio
922 3892 1121 3994 sectamque
1150 3898 1224 3994 ejus
1250 3894 1377 3970 secutis

398 4021 625 4108 “precatum
657 4007 799 4098 veniffe,
825 4009 885 4086 sed
917 4039 983 4112 pro
1012 4016 1189 4091 Fundano
1222 4018 1376 4116 populo,

305 4231 309 4240 Ι
396 4142 422 4194 ‘-‘
440 4156 551 4229 quem
563 4151 661 4204 extra
676 4131 817 4230 culpam
835 4131 919 4208 belli
935 4135 1015 4225 effe,
1037 4133 1152 4234 ipsum
1169 4135 1376 4213 Vitruvium
