3067 5342
473 753 822 830 LrnunIX
1081 779 1153 855 m3

169 935 243 996 tem
258 921 304 996 ad
327 947 423 998 arma
438 923 664 1023 trepidantes,
691 926 816 1001 caedes
835 925 1009 1023 obpreffit.
1059 927 1151 998 Pau-

168 1040 221 1116 cis
252 1041 412 1118 atmandi
441 1042 476 1118 se
505 1046 630 1120 datum
659 1044 810 1144 spatium
837 1043 897 1119 est.
947 1047 1020 1118 Eos
1045 1041 1151 1142 ipsos,

168 1185 242 1234 non
257 1159 404 1261 [lignum
427 1183 579 1253 certum,
605 1191 678 1240 non
700 1166 833 1239 ducem
849 1162 1044 1262 sequentes,
1069 1161 1151 1238 fun-

168 1279 224 1356 dit
249 1281 451 1371 Romanus,
490 1281 630 1384 fitgatos
655 1309 764 1383 eques
794 1281 1025 1381 persequitur.
1088 1284 1151 1356 Ad

167 1399 289 1490 castra,
316 1403 363 1475 ad
379 1403 476 1478 filvas
502 1402 626 1478 diversi
648 1404 853 1478 tendebant.
902 1399 1015 1476 Silvae
1038 1401 1149 1476 tutius

167 1519 298 1597 dedere
313 1519 508 1621 refugium.
558 1527 657 1598 Nam
674 1521 782 1598 castra
805 1519 842 1594 in
863 1518 996 1618 campis
1013 1522 1073 1594 stra
1089 1547 1147 1594 eo-

168 1641 253 1714 dem
268 1640 328 1715 die
338 1641 540 1739 capiunnrr.
590 1647 733 1717 Aurum
746 1663 1006 1741 argentumque
1014 1639 1150 1737 jussum

164 1758 283 1835 referri
309 1763 356 1835 ad
385 1760 582 1836 consulem:
614 1781 728 1836 cetera
752 1763 881 1861 praeda
911 1759 1033 1836 militis
1067 1759 1148 1836 suit.

165 1878 343 1955 Caesaaut
359 1901 460 1980 capta
472 1906 516 1955 eo
533 1880 592 1955 die
604 1880 758 1954 hostium
773 1881 884 1956 millia
899 1883 944 1954 ad
958 1880 1148 1980 sexaginta.
1242 1902 1247 1908 ·

165 1999 257 2076 Eam
274 2020 348 2074 tam
363 2001 492 2074 claram
509 2025 669 2099 pugnam
695 2020 788 2074 trans
811 1998 1006 2074 Ciminiam
1029 2004 1148 2078 silvam

164 2121 212 2194 ad
240 2121 418 2193 Perusram
446 2141 655 2218 pugnatam,
690 2118 839 2218 quidam
865 2121 1023 2194 nudiores
1048 2121 1147 2210 sunt;

167 2259 341 2336 metuque
357 2236 396 2310 in
412 2263 545 2338 magno
569 2238 748 2316 ciuitatem
764 2238 879 2326 fuiffe,
913 2265 958 2312 ne
981 2237 1147 2314 interclu-

166 2355 224 2431 sus
249 2354 425 2432 exercitus
447 2379 520 2432 tam
548 2356 673 2432 infesto
694 2356 795 2447 saltu,
830 2356 959 2432 coortis
984 2359 1148 2460 undique

167 2476 307 2572 Tuscis,
326 2475 560 2576 Umbrisque,
603 2476 873 2576 obprimeretur.
938 2480 1021 2567 Sed,
1066 2479 1147 2555 ubi-

161 2621 320 2696 cumque
341 2619 544 2697 pugnatum
569 2596 632 2686 est,
661 2623 714 2672 res
731 2599 898 2672 Romana
914 2596 1069 2696 superior
1090 2597 1146 2673 fu·

162 2713 220 2790 ite
262 2716 385 2816 itaque
418 2743 440 2790 a
471 2718 623 2804 Pentsra,
653 2720 688 2790 δι
719 2719 889 2805 Cortona,
921 2721 953 2791 δι
989 2717 1144 2808 Arretio,

164 2861 257 2933 quae
272 2834 383 2910 ferme
396 2834 513 2934 capita
536 2835 697 2910 Etruriae
710 2839 929 2933 populorum
942 2863 982 2911 ea
999 2838 1145 2937 tempes-

163 2975 233 3029 tate
251 2960 361 3045 erant,
387 2953 508 3055 legati,
540 2979 665 3053 pacem
682 2953 879 3053 foedusque
901 2959 947 3031 ab
970 2959 1145 3034 Romanis

162 3097 337 3174 petentes,
374 3073 537 3149 inducias
569 3073 607 3147 in
636 3072 781 3174 triginta
810 3101 920 3152 annos
953 3075 1145 3177 inpetrare-

161 3215 256 3270 runt.
307 3225 310 3230 '

209 3315 424 3390 XXXVIII.
463 3316 566 3390 Dum
597 3317 684 3390 haec
713 3315 751 3390 in
787 3316 928 3392 Etruria
960 3341 1143 3416 geruntur,

160 3432 283 3510 consul
298 3436 384 3509 alter
398 3436 442 3510 C.
460 3433 620 3509 Marcius
640 3434 788 3509 Rutilus
803 3434 928 3510 Allifas
944 3439 990 3512 de
1007 3441 1143 3514 Samni-

158 3553 255 3627 tibus
277 3553 314 3627 vi
339 3552 446 3650 cepit.
496 3555 620 3628 Multa
647 3553 714 3628 alia
740 3555 877 3630 castella
895 3555 1052 3656 vicique,
1082 3584 1145 3638 aut

158 3673 273 3747 deleta
289 3672 472 3761 hostiliter,
499 3694 561 3747 aut
577 3674 714 3772 integra
729 3673 767 3746 in
783 3675 989 3771 potestatem
1003 3705 1142 3756 venere.

157 3791 339 3868 Paridem
356 3813 498 3890 tempus
514 3797 548 3867 δι
562 3794 669 3867 classis
685 3794 851 3869 Romana
864 3822 885 3869 a
901 3799 941 3871 P.
960 3797 1140 3889 Corneli0,

158 3937 270 4009 quem
304 3909 441 3986 senatus
473 3911 669 3986 maritimae
710 3938 789 3987 orae
830 3914 1052 4012 praefecerat,
1103 3916 1142 3994 in

156 4029 390 4128 Campaniam
416 4032 505 4120 asta,
530 4057 645 4131 quum
668 4030 813 4130 adpulsa
835 4036 1139 4133 Pompejoselle13

156 4149 241 4225 socii
258 4149 345 4226 inde
370 4153 509 4226 navales
533 4154 579 4227 ad
596 4154 890 4253 depopulandum
907 4181 1033 4256 agrum
1059 4161 1139 4234 Nu-
