3067 5342
492 713 720 786 Lraan
779 714 824 786 V.
1106 716 1152 812 65

172 907 286 980 quum
304 905 383 958 ante
404 887 497 983 signa
517 885 744 960 Etruscorum
765 907 831 960 tres
858 883 1058 960 nobiliffimi
1081 885 1150 960 for·

172 1003 363 1101 tiffimique
386 1005 780 1102 Romanaejuventutis
796 1027 1003 1104 pugnarent.
1052 1010 1150 1080 Tan·

171 1144 250 1196 turn
271 1123 450 1198 eminebat
476 1125 659 1224 peregrina
675 1125 797 1200 virtus.
847 1127 949 1226 Qun
971 1125 1078 1199 etiam
1101 1133 1159 1228 Q

172 1243 318 1331 Fabius,
347 1246 487 1317 evectus
513 1265 610 1318 extra
635 1243 748 1318 aciem
775 1271 883 1342 equ0‚
916 1247 1047 1320 ducem
1065 1250 1149 1321 Gal-

168 1363 301 1449 lorum,
327 1362 489 1437 ferociter
504 1363 539 1435 in
565 1361 635 1460 ipsa
657 1367 751 1462 signa
772 1363 1003 1439 Etruscorum
1030 1366 1148 1440 incur-

171 1479 317 1570 santem,
345 1509 407 1578 per
423 1485 513 1556 latus
529 1483 736 1556 transfixum
754 1483 862 1571 hasta,
893 1483 1044 1558 occidit:
1071 1485 1149 1582 spo-

170 1601 288 1699 liaque
306 1603 379 1698 ejus
399 1604 575 1700 legentem
600 1600 694 1674 Galli
712 1627 899 1700 agnovere,
933 1629 1067 1702 perque
1092 1626 1146 1678 to·

171 1744 242 1794 tarn
259 1720 387 1810 aciem,
414 1701 631 1794 Romanum
646 1722 803 1818 legatum
826 1725 906 1809 elle,
937 1728 1075 1821 signum
1088 1725 1148 1796 da·

173 1861 249 1914 tum
277 1841 338 1914 est.
387 1840 522 1915 Omiffa
539 1839 622 1912 inde
652 1837 689 1912 in
717 1841 876 1914 Clusinos
906 1841 968 1930 ira,
991 1841 1150 1938 receptui

171 1981 318 2047 canunt,
351 1959 523 2033 minantes
540 1957 726 2032 Romanis.
779 1962 900 2048 Erant,
931 1961 996 2060 qui
1013 1985 1147 2036 extent-

171 2081 230 2177 plo
248 2083 406 2152 Romam
428 2079 590 2152 eundum
604 2076 792 2153 censerent.
843 2079 968 2154 Vicere
984 2080 1146 2176 seniores,

169 2219 210 2272 ut
226 2198 332 2296 legati
350 2197 446 2296 prius
470 2198 693 2270 mitterentur
715 2197 879 2294 questum
906 2198 1047 2296 injurias
1069 2200 1146 2299 pos-

170 2318 408 2414 tulatumque,
438 2339 479 2389 ut
511 2343 575 2413 pro
599 2318 678 2412 jure
708 2317 871 2416 gentium
891 2319 1022 2394 violato
1044 2319 1147 2396 Fabii

169 2439 393 2511 dederentur.
443 2436 570 2536 Legati
601 2439 788 2512 Gallorum
821 2464 936 2535 quum
967 2469 1020 2527 ea,
1062 2445 1148 2514 ficut

168 2579 266 2631 erant
292 2558 469 2644 mandata,
500 2555 746 2654 exposuillent,
772 2556 905 2632 senatui
932 2587 997 2633 nec
1012 2559 1146 2633 fadum

169 2680 330 2776 placebat
349 2677 555 2763 Fabiorum,
583 2676 687 2771 &jus
704 2677 877 2774 postulare
894 2677 1031 2752 barbari
1049 2677 1147 2751 vide-

169 2801 308 2872 bantur.
358 2797 439 2882 Sed,
474 2822 518 2868 ne
548 2795 600 2882 id,
632 2797 732 2892 quod
767 2799 938 2893 placebat,
960 2799 1145 2872 decetne-

168 2939 219 2990 ret
249 2916 288 2990 in
315 2937 429 2989 tantae
457 2915 650 2990 nobilitatis
676 2913 772 3003 viris,
799 2915 949 2990 ambitio
978 2917 1146 2992 obstabat.

167 3038 307 3134 Itaque,
336 3063 379 3109 ne
406 3062 512 3133 penes
542 3034 632 3132 ipsos
662 3037 770 3132 culpa
798 3037 880 3109 effet
914 3036 1022 3110 cladis
1054 3035 1143 3111 forte

169 3155 310 3229 Gallico
324 3156 417 3229 bello
431 3177 606 3253 acceptae,
639 3153 881 3253 cognitionem
898 3157 944 3228 de
964 3157 1145 3252 postulatis

168 3277 355 3349 Gallorum
377 3276 422 3347 ad
440 3275 615 3371 populum
633 3273 807 3369 rejiciunt.
857 3274 935 3348 Ubi
953 3297 1050 3348 tanto
1066 3278 1146 3373 plus

167 3393 278 3493 gratia
293 3414 400 3490 atque
426 3419 510 3489 opes
532 3396 685 3479 valuere,
716 3417 770 3481 ut,
797 3420 954 3491 quorum
971 3397 1016 3468 de
1031 3423 1145 3495 poena

166 3517 350 3612 agebatur,
381 3513 514 3587 tribuni
541 3512 699 3585 militurn
726 3513 898 3587 consulari
920 3516 1087 3610 potestate
1108 3516 1145 3591 in

168 3633 411 3730 insequentem
452 3658 586 3706 annum
630 3653 837 3706 crearentur.
903 3637 990 3733 Qro
1039 3634 1145 3725 fatto,

167 3755 264 3826 haud
294 3750 391 3826 secus
421 3777 530 3850 quam
564 3751 717 3850 dignum
750 3773 834 3838 erat,
881 3749 1003 3824 infensi
1035 3755 1144 3842 Galli,

168 3875 304 3947 bellum
339 3873 517 3970 propalam
551 3870 738 3957 minantes,
785 3872 831 3943 ad
864 3868 943 3942 suos
984 3873 1145 3946 redeunt.

171 3992 325 4068 Tribuni
355 3990 511 4065 militurn
544 4016 629 4064 cum
662 3989 776 4064 tribus
810 3987 930 4061 Fabiis
963 3991 1066 4063 creati
1097 3997 1155 4092 Q

641 4111 671 4180 F
