3067 5342
468 676 795 751 erurrV.
1085 704 1129 775 79

147 850 313 947 profeeli,
338 855 442 927 node
466 852 662 951 insequenti
689 850 934 951 exinproviso
960 851 1127 947 majorem

148 973 296 1045 caedem
324 972 480 1059 edidere,
505 971 716 1070 duplicique
737 971 883 1046 vietoria
899 992 1041 1045 ovantes
1059 975 1128 1046 Ve-

141 1090 200 1186 jos
217 1094 378 1166 redeunt.

198 1215 337 1286 XLVI.
365 1214 504 1288 Romae
521 1212 662 1286 interim
677 1214 887 1311 plerumque
904 1210 1039 1286 obfidio
1055 1210 1128 1311 seg-

148 1330 204 1403 nis
226 1336 261 1404 δι
283 1329 464 1429 utrimque
487 1332 662 1407 silentium
685 1335 765 1420 effe,
791 1333 837 1406 ad
857 1331 896 1405 id
919 1351 1057 1405 rantum
1075 1331 1128 1404 in-

148 1450 256 1524 tentis
273 1452 398 1538 Gallis,
423 1479 468 1527 ne
486 1452 567 1550 quis
586 1452 742 1526 hostiurn
765 1454 910 1525 evadere
928 1450 1018 1525 inter
1035 1450 1127 1524 stati-

148 1596 235 1643 ones
251 1572 378 1667 poffet:
411 1598 525 1671 quum
543 1594 684 1669 repente
701 1572 844 1667 juvenis
862 1574 1049 1645 Romanus
1065 1573 1127 1653 ad-

148 1688 335 1764 miratione
351 1690 390 1764 in
406 1689 439 1765 se
465 1690 558 1765 cives
583 1689 766 1788 hostesque
785 1690 967 1765 convertit.
1017 1691 1128 1766 Sacri·

146 1807 274 1883 ficium
287 1833 359 1884 erat
375 1811 504 1885 statum
518 1810 555 1883 in
568 1809 746 1911 Qririnali
761 1812 849 1886 colle
870 1810 967 1910 genti
986 1810 1127 1885 Fabiae.

150 1931 212 2004 Ad
229 1930 268 2003 id
281 1929 487 2005 faciendum
504 1933 546 2005 C.
565 1930 696 2005 Fabius
714 1928 841 2017 Dorso,
869 1929 1012 2004 Gabino
1029 1928 1126 2005 cinc-

149 2071 204 2137 tu,
235 2048 327 2124 sacra
354 2050 519 2124 manibus
552 2075 689 2147 gerens,
723 2075 839 2147 quum
870 2051 914 2123 de
949 2048 1127 2147 Capitolio

149 2168 391 2257 descendillet,
417 2197 479 2268 per
503 2168 639 2243 medias
655 2169 811 2243 hostium
827 2169 990 2244 stationes
1017 2169 1127 2269 egres-

149 2288 218 2373 sus,
244 2288 334 2363 nihil
348 2292 394 2361 ad
407 2287 754 2388 vocemcujusquam
766 2311 974 2363 terroremve
992 2313 1124 2379 motus,

151 2407 188 2481 in
204 2408 428 2509 Qririnalem
445 2412 573 2484 collem
593 2408 762 2505 pervenit.
813 2410 941 2507 Ibique
958 2411 1128 2485 omnibus

150 2527 364 2603 sollemniter
403 2528 563 2627 peraeto,
609 2530 732 2602 eadem
765 2549 938 2603 revertens
970 2530 1126 2605 fimiliter

149 2647 322 2722 constanti
351 2650 455 2722 vultu
476 2650 673 2748 graduque,
700 2645 778 2721 satis
794 2646 931 2746 sperans
954 2649 1128 2746 propitios

149 2770 216 2841 effe
251 2769 361 2855 Deos,
398 2794 553 2865 quorum
583 2769 722 2842 cultum
752 2794 796 2841 ne
828 2764 949 2840 mortis
975 2766 1125 2864 quidem

148 2910 247 2961 metu
280 2886 480 2985 prohibitus
513 2886 724 2974 deseruiffet,
761 2885 800 2959 in
834 2884 1053 2984 Capitolium
1079 2891 1125 2963 ad

149 3006 229 3081 suos
245 3006 363 3094 rediit,
389 3006 448 3081 seu
474 3006 641 3080 adtonitis
658 3005 770 3080 Gallis
796 3005 967 3079 miraculo
983 3008 1125 3082 audaci·

147 3153 201 3214 ae,
232 3125 291 3200 seu
324 3126 493 3225 religione
522 3126 629 3201 eriam
663 3124 782 3213 motis,
809 3126 909 3221 cujus
942 3128 1125 3225 haudqua-

148 3274 258 3346 quam
275 3250 463 3345 neglegens
473 3247 522 3321 est
538 3274 635 3345 gens.
685 3245 781 3342 Vejis
797 3244 938 3319 interim
954 3272 1026 3319 non
1050 3246 1124 3321 ani·
1241 3237 1242 3245 ¹

147 3366 361 3441 mirantum
386 3367 425 3440 in
445 3366 533 3455 dies,
560 3367 619 3440 sed
646 3365 752 3439 etiam
780 3365 883 3454 vires,
908 3365 1123 3441 crescebant:

147 3514 215 3561 nec
240 3486 415 3561 Romanis
432 3486 544 3561 solum
561 3513 604 3559 eo
627 3485 922 3560 convenientibus
948 3514 993 3560 ex
1016 3487 1121 3585 agris,

148 3608 212 3705 qui
227 3634 248 3681 a
261 3607 395 3704 proelio
409 3605 552 3679 adverso
567 3628 628 3678 aut
645 3608 745 3680 clade
762 3625 881 3703 captae
898 3605 997 3680 urbis
1019 3606 1125 3704 palati

147 3726 298 3814 fuerant,
324 3725 507 3799 sedetiam
526 3752 571 3799 ex
586 3725 694 3798 Latio
710 3724 916 3797 voluntariis
942 3728 1124 3798 confluen-

147 3846 271 3934 tibus,.
287 3865 330 3919 ut
344 3844 382 3918 in
399 3866 494 3943 parte
510 3846 658 3941 praedae
674 3847 792 3917 ellent.
843 3848 1032 3917 Maturum
1049 3845 1122 3938 jam

147 3965 346 4053 videbatur,
380 3964 490 4061 repeti
521 3963 670 4062 patriam
701 3962 861 4061 eripique
893 3990 937 4037 ex
968 3962 1123 4037 hostium

149 4084 328 4161 manibus:
356 4083 416 4160 sed
441 4082 580 4181 corpori
604 4083 723 4157 valido
740 4104 848 4180 caput
872 4084 999 4158 deerat.
1049 4086 1123 4157 Lo·
