3067 5342
414 673 484 728 202
743 643 1057 720 T-Lrvrr

415 826 441 860 “
459 813 648 916 proelium,
687 817 723 890 δι
756 813 808 890 ire
829 835 1004 890 unitatum
1035 833 1118 886 ante
1149 807 1264 911 prima
1290 809 1383 904 sigua

414 935 596 1034 “Ecquis
619 934 821 1034 sequeretur
849 961 987 1023 eorum,
1022 933 1088 1032 qui
1116 931 1230 1007 ruodo
1254 922 1382 1004 dueturi

415 1065 440 1100 “
459 1053 613 1142 fuerint3
654 1054 837 1130 incastris
869 1055 1014 1144 seroces,
1042 1055 1080 1130 in
1115 1051 1195 1128 acie
1227 1043 1340 1146 pavidi
1354 1044 1386 1116 ?”

414 1177 507 1250 Vera
534 1174 738 1252 audiebant,
787 1178 912 1276 ltaque
942 1197 1056 1252 tantos
1086 1175 1210 1274 pudor
1240 1166 1386 1242 stimulos

412 1295 587 1384 admovit,
616 1316 658 1370 ut
678 1316 819 1370 ruerent
845 1295 884 1370 in
908 1295 1065 1372 hostium
1087 1295 1174 1381 tela,
1203 1284 1388 1366 alicnausa

413 1414 585 1492 memoria
612 1414 763 1515 periculi
792 1415 930 1491 animis.
996 1416 1073 1492 Hic
1107 1413 1229 1514 primo
1258 1410 1387 1507 inpetus

413 1563 522 1636 prope
538 1563 661 1612 vecors
677 1535 833 1612 turbavit
848 1537 981 1610 hostes:
1016 1560 1127 1634 eques
1145 1532 1280 1608 deinde
1296 1523 1386 1604 ernis·

414 1657 472 1732 sus
495 1660 653 1732 turbatos
668 1655 804 1731 avertit.
854 1655 930 1754 lpse
952 1655 1114 1744 dislator,
1144 1652 1332 1752 postquam
1345 1648 1387 1718 la·

414 1779 559 1852 bantem
581 1801 654 1850 una
675 1796 773 1874 parte
800 1775 893 1850 vidit
915 1775 1042 1864 aciem,
1068 1779 1167 1874 signa
1193 1771 1233 1847 in
1259 1773 1387 1844 lusum

414 1923 526 1973 cornu
556 1895 706 1985 confert,
738 1921 813 1994 quo
839 1899 980 1971 turbam
1006 1893 1167 1970 hostium
1195 1881 1387 1988 congregari

413 2021 598 2105 cernebat3
639 2021 672 2090 δι
707 2015 764 2104 iis,
796 2013 860 2114 qui
891 2013 930 2088 in
958 2035 1082 2090 monte
1104 2033 1222 2102 erant,
1249 2013 1387 2108 lignum,

415 2140 516 2237 quod
543 2155 766 2223 convenerat,
797 2133 909 2210 dedit.
960 2132 1039 2208 Ubi
1067 2133 1155 2209 iude
1174 2153 1320 2232 quoque
1334 2149 1388 2200 uo-

414 2283 481 2331 vus
505 2257 640 2332 clamor
661 2277 771 2340 omis,
800 2257 834 2328 δι
861 2256 1005 2330 tendere
1034 2253 1192 2354 obliquo
1214 2267 1333 2328 moute
1347 2242 1386 2318 ad
1494 2301 1495 2348 3

416 2373 526 2450 castra
541 2375 728 2450 Gallorum
749 2373 812 2448 visi
841 2373 921 2448 sunt
928 2407 940 2463 ς
968 2395 1046 2449 tum
1070 2395 1188 2462 metu,
1216 2399 1263 2447 ne
1278 2365 1386 2444 exclu-
1494 2381 1495 2388 ’

415 2497 596 2582 dotentur,
625 2491 748 2569 omissa
777 2518 901 2594 pugna
923 2494 986 2582 est,
1018 2493 1199 2595 cursuque
1224 2487 1329 2568 effitso
1347 2481 1386 2558 ad

417 2614 526 2690 castra
543 2614 755 2692 serebantur.
806 2615 885 2690 Ubi
903 2640 1018 2712 quum
1038 2616 1251 2692 obcurrilset
1266 2608 1313 2687 eis
1334 2603 1384 2678 M·

416 2735 591 2824 Valerius,
640 2734 804 2836 magister
845 2735 1026 2834 equitum,
1076 2737 1173 2835 (qui,
1211 2727 1386 2833 profligat<l
1494 2783 1495 2790 κ

413 2859 540 2934 dextro
556 2881 682 2945 cornu,
699 2853 931 2955 obequitabat
959 2854 1116 2932 hostium
1140 2840 1380 2932 munimentis)

415 2978 463 3053 ad
487 2997 626 3052 montes
643 2974 809 3074 salvasque
834 2994 979 3049 vertunt
1004 2974 1145 3075 fugam:
1181 2965 1387 3074 plurimique

417 3095 469 3173 ibi
486 3095 636 3172 asallaci
653 3094 818 3194 equitum
828 3092 943 3194 specie
958 3093 1244 3196 agasonibusque
1260 3076 1386 3182 excepti

416 3219 513 3294 sunt:
542 3221 576 3293 δι
603 3241 743 3304 eorum,
770 3239 862 3315 quos
883 3241 992 3314 pavor
1016 3219 1210 3316 pertulerat
1233 3213 1271 3288 in
1287 3209 1383 3287 suras,
1494 3233 1495 3244 ¹

415 3359 517 3415 auox
541 3338 667 3413 caedes
695 3335 774 3434 post
795 3332 956 3410 sedatum
981 3337 1158 3434 proelium
1188 3333 1270 3412 suit.
1316 3326 1387 3402 Nec

416 3456 506 3531 alius
521 3455 600 3555 post
615 3457 673 3529 M.
704 3453 870 3545 Furium,
904 3482 1015 3556 quam
1037 3460 1080 3532 C.
1107 3455 1300 3558 Sulpicius,
1322 3437 1386 3542 jus·

416 3576 544 3652 tiorem
571 3575 617 3650 de
634 3572 746 3650 Gallis
762 3574 839 3674 egit
853 3574 1088 3676 triumphum.
1138 3577 1233 3654 Auri
1252 3585 1386 3673 quoque

418 3723 466 3773 ex
492 3693 642 3772 Gallicis
668 3693 787 3794 spoliis
819 3694 897 3772 satis
930 3723 1102 3797 magnum
1135 3698 1290 3797 pondus,
1314 3683 1386 3760 saxo

415 3817 589 3918 quadrato
604 3812 755 3915 septum,
790 3813 829 3891 in
849 3816 1029 3915 Capitolio
1046 3817 1203 3896 sacravit.
1253 3807 1383 3888 Eodem

415 3964 510 4025 anno
523 3941 558 4013 δι
575 3935 818 4015 aconsulibus
833 3935 931 4014 vario
944 3962 1073 4014 eventu
1092 3943 1273 4016 bellatum.
1297 3929 1383 4006 Nam

416 4056 569 4136 Hernici
600 4085 622 4134 a
655 4061 699 4134 C.
729 4057 872 4135 Plautio
911 4059 1042 4136 devisti
1071 4059 1276 4161 subaffique
1301 4047 1381 4126 suut·
