3067 5342
353 714 398 787 92
684 688 996 763 T.L1v11

350 874 376 909 ‘⁶
394 860 526 949 videte,
537 882 714 960 quantum
724 862 816 937 inter
826 887 942 937 meam
949 859 1155 936 sententiam
1165 859 1333 935 vestram-

349 993 375 1027 “
393 1009 464 1081 que
485 980 627 1069 intersit,
654 980 800 1057 tribuni.
851 984 936 1070 Vos,
955 978 1086 1055 etiamsi
1099 1000 1186 1054 tunc
1200 978 1333 1053 sacien-

350 1113 374 1145 “
393 1104 483 1177 dum
494 1128 566 1176 non
579 1100 698 1190 fuerit,
712 1128 810 1177 nunc
826 1102 950 1200 utique
965 1100 1171 1176 faciendum
1181 1100 1330 1199 putatis:

350 1232 462 1322 “ego
490 1244 625 1310 contra,
658 1226 741 1319 (nec
768 1222 808 1296 id
832 1220 947 1296 mirati
972 1220 1039 1295 suis
1066 1223 1176 1319 prius,
1205 1238 1336 1318 quam,'

349 1351 374 1385 “
393 1344 497 1440 quale
523 1344 575 1429 sit,
601 1340 799 1435 audieritis)
829 1340 959 1415 etiamsi
985 1362 1072 1415 tunc
1100 1340 1331 1441 migrandum

349 1472 373 1508 “
392 1460 521 1549 fuisset,
553 1460 727 1535 incolumi
756 1481 830 1535 tota
858 1463 961 1547 urbe,
994 1485 1091 1534 nunc
1121 1461 1182 1533 has
1212 1458 1332 1533 ruinas

348 1592 373 1626 “
392 1579 639 1679 relinquendas
656 1607 729 1655 non
742 1578 929 1654 censerem.
955 1578 1105 1679 Qrippe
1122 1598 1201 1651 tum
1215 1580 1331 1652 caussa

347 1712 373 1745 “
392 1700 494 1777 nobis
519 1699 556 1775 in
573 1704 700 1775 urbem
717 1722 856 1796 captam
873 1698 1051 1798 migrandi
1067 1696 1214 1773 vidioria
1233 1700 1330 1787 esset,

348 1820 541 1921 “gloriosa
566 1820 669 1895 nobis
695 1848 735 1894 ac
765 1818 910 1918 posteris
938 1817 1061 1893 nostris
1072 1851 1084 1905 3
1116 1843 1213 1892 nunc
1239 1820 1327 1893 haec

348 1940 555 2041 “migratio
576 1940 679 2015 nobis
701 1939 825 2014 misera
842 1966 882 2013 ac
908 1938 1033 2037 turpis,
1056 1938 1167 2013 Gallis
1183 1936 1334 2037 gloriosa

348 2071 372 2104 “
391 2060 450 2135 est.
501 2064 587 2135 Non
610 2060 707 2135 enim
729 2057 903 2158 reliquisse
918 2058 1080 2147 visiones,
1105 2058 1166 2133 sed
1183 2055 1327 2131 amisisse

348 2191 373 2223 “
391 2178 489 2267 victi,
503 2178 650 2278 patriam
660 2178 875 2254 videbimur.
926 2181 1012 2253 Hoc
1025 2180 1070 2253 ad
1082 2178 1215 2253 Alliam
1228 2176 1328 2277 fuga,

347 2309 371 2342 “
391 2300 460 2373 hoc
489 2320 591 2399 capta
606 2302 704 2385 urbs,
731 2301 800 2372 hoc
824 2295 1085 2372 circumsessum
1105 2296 1327 2397 Capitolium

346 2417 594 2492 “necessitatis
621 2416 820 2515 inposuisse,
850 2440 892 2491 ut
920 2415 1156 2491 desereremus
1183 2438 1327 2517 penates

347 2547 373 2580 “
391 2536 537 2624 nostros,
554 2536 787 2637 exsiliumque
807 2563 847 2611 ac
863 2536 986 2635 fugam
1003 2537 1107 2613 nobis
1126 2565 1171 2612 ex
1186 2565 1230 2613 eo
1248 2541 1330 2613 loco

346 2668 372 2701 “
390 2655 696 2745 conscisceremus,
714 2682 823 2755 quem
842 2656 931 2730 tueri
950 2683 1021 2730 non
1039 2659 1226 2756 possemus.
1278 2660 1327 2733 Et

346 2788 372 2821 ‘⁴
390 2776 486 2851 Galli
497 2798 648 2852 evertere
659 2797 852 2875 potuerunt
862 2780 1033 2864 Romam,
1048 2802 1158 2876 quam
1169 2778 1329 2853 Romani

346 2908 371 2942 “
390 2896 568 2971 restituere
586 2922 657 2969 non
668 2894 887 2971 videbuntur
899 2896 1075 2995 potuisse?
1093 2897 1195 2998 Qud
1213 2898 1329 2989 restat,

345 3026 371 3060 “
389 3015 451 3091 nisr
485 3036 539 3102 ut,
570 3018 688 3112 sijum
713 3014 815 3090 novis
841 3015 954 3113 copiis
985 3017 1140 3105 veniant,
1176 3018 1328 3116 (constat

345 3147 371 3183 ‘⁶
391 3135 488 3211 enim
498 3134 559 3209 vix
573 3134 781 3212 credibilem
798 3135 1068 3213 multitudinem
1078 3140 1159 3233 effe)
1178 3144 1212 3213 δι
1226 3139 1327 3214 habi·

344 3266 370 3299 “
388 3276 461 3329 tare
490 3255 528 3329 in
554 3275 657 3353 capta
678 3254 792 3342 absc,
823 3255 955 3332 deserta
980 3256 1131 3347 avobis,
1154 3260 1221 3334 hac
1237 3262 1328 3333 urbe

346 3385 370 3418 “
388 3374 512 3461 velint,
526 3373 662 3447 finatis?
680 3375 805 3475 Quid?
824 3379 933 3451 finon
948 3376 1043 3452 Galli
1057 3380 1139 3465 hoc,
1157 3378 1217 3453 sed
1230 3401 1325 3454 vete·

345 3504 371 3543 ·“
388 3518 441 3567 res
475 3492 589 3567 hostes
617 3492 734 3581 vestri,
766 3495 888 3593 Aequi
916 3496 1090 3587 Volscive,
1114 3496 1257 3586 saciant,
1288 3518 1331 3573 ut

344 3610 625 3711 “commigrent
646 3615 818 3702 Ronmm,
845 3614 1001 3690 velitisne
1025 3616 1102 3692 illos
1128 3620 1329 3708 Romanos,

344 3745 450 3808 “vos
473 3733 636 3831 Vejcntes
662 3734 752 3808 effe?
775 3761 820 3808 an
838 3734 966 3810 malitis
986 3739 1076 3813 hane
1097 3735 1327 3814 solitudinem

344 3864 369 3899 “
387 3853 549 3941 vestram,
568 3880 677 3951 quam
694 3857 821 3929 urbem
838 3854 1006 3944 hostium,
1022 3859 1115 3933 esse?
1133 3884 1205 3932 non
1223 3858 1324 3956 equi-

344 3983 369 4018 “
388 3974 472 4047 dem
488 3973 608 4062 video,
623 3973 713 4072 quid
726 3974 839 4073 magis
856 3973 952 4049 nefas
969 3980 1018 4050 fit.
1069 3979 1173 4053 Haec
1185 3976 1324 4066 scelera,

344 4102 368 4135 ‘⁴
389 4091 475 4191 quia
485 4092 584 4193 piget
598 4092 795 4183 aedificare,
823 4096 908 4171 haec
927 4097 1101 4173 dedecora
1117 4098 1189 4197 pati
1212 4098 1323 4197 parati
