3067 5342
398 694 464 765 128
726 692 1041 767 T.L1vrr

393 886 557 939 carentur
569 863 678 939 animi
690 868 735 939 ab
750 864 911 941 sanandis
929 864 1131 941 domesticis
1149 862 1263 938 malis.
1304 862 1370 962 Igi-

394 1006 465 1072 tur,
493 1010 609 1081 quum
638 1011 716 1081 pars
746 1008 897 1083 utraque
917 986 1028 1061 acrior
1054 984 1237 1083 aliquanto
1259 1003 1374 1056 coorta

395 1106 491 1190 estet,
522 1103 559 1177 in
574 1104 820 1202 propinquum
847 1127 1023 1179 certamen
1043 1107 1162 1179 aderat
1189 1108 1223 1176 δι
1245 1100 1373 1175 Manli·

394 1249 449 1296 us.
498 1226 685 1299 Advocata
713 1225 865 1297 domum
891 1227 1008 1322 plebe,
1042 1219 1375 1321 comprincipibus

394 1346 638 1418 novandarum
650 1370 768 1417 rerum
784 1342 938 1419 interdiu
953 1348 1134 1443 noctuque
1150 1340 1294 1417 confilia
1305 1338 1374 1438 agi·

394 1484 456 1551 tat,
474 1464 612 1560 plenior
621 1463 803 1561 aliquanto
817 1464 1017 1539 animorum
1032 1463 1252 1561 irarumque,
1270 1482 1373 1557 quarn

393 1603 496 1656 antea
511 1581 636 1655 fuerat.
686 1584 778 1656 Iram
804 1586 1009 1659 accenderat
1033 1580 1234 1683 ignominia
1259 1603 1374 1653 recens

395 1702 435 1776 in
451 1700 572 1775 animo
591 1703 637 1775 ad
654 1702 906 1778 contumeliam
922 1702 1122 1802 inexperto:
1158 1700 1300 1801 spiritus
1317 1698 1373 1771 da·

396 1826 469 1909 bat,
504 1822 605 1920 quod
635 1848 701 1895 nec
727 1820 830 1897 ausus
855 1824 936 1897 effer
966 1823 1063 1897 idem
1091 1822 1188 1897 inse
1215 1820 1373 1903 diclator,

394 1942 496 2041 quod
512 1940 550 2013 in
571 1943 630 2039 Sp.
655 1941 792 2015 Maelio
811 1942 1046 2018 Cincinnatus
1066 1940 1262 2044 Qrinciius
1280 1932 1373 2011 fecis·

395 2060 463 2147 set3
493 2064 528 2134 δι
544 2060 773 2135 vinculorum
796 2059 941 2136 suorum
968 2061 1142 2137 invidiam
1166 2086 1241 2135 non
1268 2056 1373 2131 dida-

394 2204 450 2255 tor
471 2181 582 2254 modo
604 2180 805 2255 abdicando
826 2180 1035 2256 didaturam
1062 2180 1218 2281 fugisset,
1246 2176 1306 2252 sed
1331 2198 1371 2246 ne

395 2299 532 2374 senatus
546 2298 696 2395 quidem
713 2298 878 2375 sustinere
895 2300 1071 2399 potuillet.
1121 2299 1195 2374 His
1209 2298 1310 2374 srmul
1323 2293 1372 2366 in-

394 2420 499 2493 flatus
514 2417 812 2516 exacerbatusque
825 2420 898 2516 jam
910 2447 973 2518 per
988 2420 1020 2495 se
1034 2418 1197 2496 accensos
1208 2416 1372 2493 incitabat

396 2536 511 2635 plebis
533 2535 693 2611 animos:
734 2548 760 2581 “
778 2536 977 2638 Qrousque
994 2541 1138 2615 tandem
1167 2529 1371 2638 ignorabitis

396 2670 422 2702 ‘⁶
439 2658 530 2732 vires
545 2658 685 2745 vestras,
703 2684 791 2757 quas
807 2680 929 2733 natura
943 2686 986 2732 ne
1004 2660 1137 2733 belluas
1154 2657 1305 2757 quidem
1322 2651 1370 2749 ig·

397 2789 423 2822 “
442 2804 564 2853 notare
591 2778 728 2852 voluit?
760 2798 942 2851 numerate
971 2777 1103 2866 saltem,
1131 2798 1223 2877 quot
1249 2776 1309 2873 ipst
1334 2773 1370 2844 fi-

397 2908 423 2942 “
441 2897 500 2985 tis,
532 2919 623 2995 quot
648 2896 859 2971 adversarios
876 2897 1043 2971 habeatis.
1093 2896 1130 2971 Si
1158 2893 1287 2997 srnguli
1311 2894 1370 2965 fin·

396 3028 423 3062 “
441 3019 543 3117 gulos
560 3016 749 3115 adgreffuri
770 3015 896 3104 effetis,
929 3037 1047 3090 tamen
1064 3014 1178 3090 acrius
1196 3016 1370 3091 crederem

397 3148 423 3182 “
441 3164 504 3210 vos
520 3162 586 3232 pro
612 3135 785 3222 libertate,
816 3160 926 3234 quam
940 3134 1018 3210 illos
1035 3160 1100 3234 pro
1117 3132 1370 3213 dominatione,

397 3269 423 3302 “
441 3278 643 3331 certaturos.
692 3259 795 3355 Qrot
811 3254 908 3329 enim
935 3254 1079 3329 clientes
1104 3252 1198 3329 circa
1223 3250 1371 3353 fingulos

397 3387 422 3419 “
441 3374 554 3448 fuistis
570 3394 747 3471 patronos,
781 3392 835 3447 tot
852 3400 948 3449 nunc
971 3372 1134 3449 adversus
1155 3399 1274 3451 unum
1299 3363 1370 3444 hos·

397 3506 514 3567 “tem
544 3492 650 3567 eritis.
700 3492 886 3567 Ostendite
912 3496 1022 3569 modo
1053 3494 1207 3582 bellum3
1251 3510 1370 3593 pacem

398 3624 423 3657 “
441 3612 628 3687 habebitis.
678 3612 835 3687 Videant
862 3639 925 3687 vos
952 3634 1088 3712 paratos
1117 3615 1163 3687 ad
1192 3612 1270 3688 vim
1277 3644 1288 3701 ς
1315 3609 1371 3705 jus

396 3745 423 3778 “
441 3734 503 3833 ipfi
526 3730 718 3807 remittent.
768 3734 995 3807 Audendum
1012 3732 1062 3807 est
1077 3732 1216 3831 aliquid
1233 3732 1368 3807 univer·

397 3866 422 3899 “
441 3858 495 3942 srs,
536 3875 599 3928 aut
631 3851 754 3927 omnia
778 3852 920 3952 singulis
949 3853 1126 3950 patienda.
1175 3848 1369 3955 Qrousque

398 3987 423 4020 “
442 4002 501 4049 me
514 3972 872 4072 circumspeclabitis?
924 3974 1005 4071 Ego
1022 3972 1172 4071 quidem
1195 3972 1285 4047 nulli
1300 3960 1367 4042 ves-

398 4106 424 4141 “
441 4115 537 4170 trum
566 4096 684 4170 deero.
734 4096 794 4169 Ne
827 4092 968 4169 fortuna
996 4118 1076 4169 mea
1101 4094 1199 4183 defit,
1243 4090 1366 4167 videte.
