3067 5342
385 661 456 738 392
702 635 1020 710 T.Lrvrr

387 805 544 886 exercitu
559 809 604 882 ad
618 807 821 883 liberandos
836 807 1017 884 obsidione
1034 804 1152 883 socios
1165 801 1280 878 venit.
1306 801 1377 876 Ad·

386 927 614 1004 venientibus
630 927 831 1017 Romanis,.
844 926 978 1003 Sutrini
991 946 1221 1004 commeatus
1231 920 1379 1022 benigne

389 1051 427 1125 in
457 1049 565 1125 castra
591 1070 672 1123 ante
703 1051 832 1124 urbem
860 1050 968 1150 posita
997 1048 1191 1122 advexere.
1246 1040 1378 1118 Etrusci

388 1171 486 1246 diem
518 1169 678 1269 primum
706 1167 954 1258 consultando,
985 1185 1222 1254 maturarent,
1257 1165 1379 1240 traher-

389 1312 496 1366 entne
523 1291 674 1378 bellum,
717 1289 962 1364 traduxerunt.
1012 1287 1161 1363 Postero
1197 1285 1272 1373 iic,
1320 1281 1378 1358 ubi

389 1411 568 1500 celeriora,
596 1435 706 1510 quarn
730 1408 875 1498 tutiora,
901 1405 1041 1484 consilia
1068 1405 1189 1506 magis
1221 1405 1379 1504 placuere

388 1531 557 1619 ducibus,
583 1529 654 1605 sole
667 1551 746 1604 otto
759 1531 900 1630 signum
916 1555 1058 1630 pugnae
1074 1529 1302 1628 propositum
1318 1522 1375 1609 est,

387 1650 584 1749 armatique
601 1649 640 1722 in
656 1649 771 1724 aciem
796 1649 1006 1748 procedunt.
1056 1649 1177 1752 Quod
1194 1645 1376 1746 postquam

389 1769 525 1846 consuli
554 1768 767 1846 nunciatum
801 1769 863 1858 est,
901 1769 1082 1868 extemplo
1116 1769 1282 1844 tesseram
1309 1760 1377 1838 dari

385 1893 504 1990 jubet,
530 1911 572 1966 ut
585 1891 753 1989 prandeat
768 1889 884 1978 miles,
913 1888 1130 1988 simiatisque
1149 1887 1237 1966 cibo
1251 1882 1376 1962 viribus

388 2037 485 2086 arma
500 2008 626 2110 capiat.
678 2009 788 2086 Dicto
804 2031 955 2109 paretur.
1006 2008 1158 2098 Consul,
1187 2005 1256 2086 ubi
1272 2027 1373 2080 arma·

389 2152 445 2206 tos
460 2129 668 2242 paratosque
694 2128 800 2217 vidit,
825 2133 921 2231 signa
946 2150 1044 2206 extra
1069 2133 1209 2206 vallum
1236 2119 1373 2227 proferri

383 2249 493 2347 juffit,
517 2255 551 2325 δι
567 2250 667 2324 haud
682 2251 807 2347 procul
825 2251 922 2326 hoste
940 2250 1105 2326 instruxit
1122 2251 1254 2328 aciem.
1302 2241 1372 2320 Ali·
1499 2281 1501 2292 ι

393 2369 570 2470 quamdiu
587 2369 716 2444 intenti
730 2368 913 2470 utrimque
930 2361 1112 2461 steterunt,
1142 2369 1373 2472 exspectantes

388 2512 432 2565 ut
453 2493 499 2567 ab
525 2487 726 2565 adversariis
742 2493 877 2566 clamor
898 2497 933 2568 δι
958 2519 1081 2594 pugna
1096 2492 1284 2592 inciperet.
1331 2486 1372 2558 Et

390 2609 489 2710 ptius
511 2608 561 2684 sol
576 2609 727 2686 meridie
741 2609 776 2686 se
795 2610 995 2703 inclinavit,
1022 2641 1136 2714 quam
1158 2616 1274 2690 telum
1297 2605 1372 2682 hinc

389 2753 452 2805 aut
464 2729 564 2805 illinc
581 2729 746 2808 emissum
766 2731 827 2806 esi
878 2734 982 2823 Inde,
1008 2761 1053 2809 ne
1067 2734 1201 2810 infecta
1218 2759 1253 2808 re
1270 2727 1369 2804 abire·

391 2871 464 2939 tur‚
507 2853 640 2926 clamor
669 2855 715 2926 ab
748 2851 906 2927 Etruscis
941 2853 1068 2944 oritur,
1115 2854 1374 2946 concinuntque

391 2975 512 3061 tubae,
547 2976 581 3045 &
605 2975 701 3072 signa
719 2971 932 3048 inferuntur.
982 2977 1062 3050 Nec
1083 2973 1226 3074 segnius
1243 2975 1287 3049 ab
1303 2971 1369 3042 Ru

390 3091 504 3168 manis
520 3117 643 3192 pugna
666 3091 788 3168 initur.
839 3097 1067 3172 Concurrunt
1085 3094 1227 3170 insenfis
1240 3085 1368 3167 animis·

389 3217 555 3289 Numero
578 3211 699 3301 hostis,
725 3212 856 3288 virtum
887 3218 1075 3290 Romanus
1102 3214 1252 3316 superat.
1299 3213 1369 3285 An·

389 3358 473 3433 ceps
498 3332 676 3432 proelium
697 3334 831 3408 multos
863 3332 1061 3433 utrimque,
1096 3335 1366 3411 &fortissimum

390 3477 587 3551 quemque,
619 3450 796 3528 absumit:
828 3480 895 3529 nec
921 3453 1020 3551 prius
1046 3452 1217 3532 inclinata
1242 3479 1292 3528 res
1311 3445 1366 3532 est,

391 3598 503 3672 quam
517 3569 673 3649 secunda
688 3573 780 3649 acies
803 3575 970 3650 Romana
991 3577 1039 3650 ad
1053 3575 1169 3674 prima
1190 3581 1295 3678 signa,
1317 3569 1366 3664 ine

391 3693 482 3794 tegti
508 3692 611 3782 sessis,
654 3694 901 3772 successerunt.
968 3695 1124 3787 Etnrsci,
1158 3699 1244 3798 quia
1270 3684 1366 3768 nullis

392 3814 594 3890 recentibus
622 3812 783 3890 subfidiis
813 3814 903 3892 sulta
931 3815 1047 3917 prima
1066 3818 1159 3894 acies
1186 3817 1267 3906 fuit,
1293 3827 1364 3886 ante

390 3937 487 4032 signa
512 3933 679 4034 circaque
711 3961 836 4010 omnes
866 3935 1083 4014 ceciderunt.
1149 3943 1263 4016 Nullo
1292 3953 1363 4008 utn-

391 4079 500 4152 quam
516 4053 652 4154 proelio
674 4054 779 4156 fugae
805 4056 939 4148 minus,
967 4085 1033 4136 nec
1059 4061 1141 4160 plus
1158 4058 1275 4138 caedis
1290 4043 1364 4130 fuis·
