3067 5342
524 681 886 756 L'trrnV.·
1143 710 1189 784 39

207 877 270 932 aut
295 853 453 932 militum
475 855 564 932 iram
594 885 639 932 ex
669 857 889 958 malignitate
911 855 1061 955 praedae
1083 856 1188 954 parti-

205 999 274 1067 tae,
305 999 367 1052 aut
383 975 556 1052 invidiam
580 981 677 1077 apud
691 982 810 1052 Patres
827 1004 873 1052 ex
890 974 1040 1075 prodiga
1056 976 1187 1074 largiri-

204 1125 274 1172 one
297 1119 447 1196 caperet‚
481 1097 596 1172 literas
619 1101 666 1172 ad
688 1097 848 1174 senatum
879 1095 987 1171 misit:
1021 1109 1047 1140 ‘⁴
1066 1101 1187 1172 Deum

205 1217 493 1293 “inmortalium
527 1217 759 1317 benignitate,
804 1217 873 1291 suis
902 1217 1065 1305 confiliis,
1099 1218 1187 1315 pati-

205 1338 346 1412 “entia
366 1339 537 1427 militum,
573 1341 677 1435 Vejos
693 1339 770 1435 jam
788 1337 861 1412 sore
885 1337 923 1411 in
940 1339 1107 1436 potestate
1124 1365 1187 1438 po-

204 1468 231 1502 “
250 1459 328 1556 puli
343 1459 514 1533 Romani.
564 1458 667 1561 Qrid
684 1461 729 1532 de
746 1457 1090 1555 praedasaciendum
1105 1485 1186 1532 cen-

204 1590 232 1623 “
251 1579 407 1654 serent?’'
458 1583 562 1654 Duae
576 1577 734 1653 senatum
752 1577 968 1652 distinebant
980 1577 1185 1653 sententiae:

204 1697 296 1774 senis
311 1703 352 1774 P.
367 1699 517 1787 Licinii,
546 1726 656 1797 quem
673 1699 832 1797 primum
855 1699 981 1774 dixisse
1003 1698 1115 1773 afilio
1133 1700 1186 1772 in-

204 1841 424 1919 terrogatum
440 1819 570 1907 serunt,
583 1907 588 1916 ι
599 1831 623 1862 “
642 1819 735 1894 edici
754 1822 869 1918 palam
883 1822 1019 1918 placere
1036 1823 1185 1918 popu10,

205 1951 232 1984 “
250 1963 306 2028 ut,
338 1940 402 2040 qui
420 1940 601 2040 particeps'
617 1945 684 2014 esse
705 1943 853 2038 praedae
873 1943 991 2030 vellet,
1021 1942 1060 2015 in
1080 1942 1188 2016 castra

205 2071 232 2104 ‘⁴
250 2061 357 2157 Vejos
384 2061 487 2134 iret:''
517 2062 623 2135 altera
639 2067 711 2158 Ap.
729 2062 888 2150 Claudii,
919 2063 997 2161 qui,
1031 2061 1186 2160 largitio-

206 2208 290 2256 nem
324 2207 467 2269 novam,
501 2180 701 2280 prodigam,
740 2181 977 2282 inaequalem,
1010 2181 1187 2256 inconsul-

207 2323 281 2377 tam
296 2328 459 2401 arguens‚
487 2305 510 2374 fi
527 2300 632 2374 semel
650 2302 746 2376 nefas
773 2305 956 2390 ducerent,
984 2326 1124 2401 captam
1141 2331 1186 2377 ex

205 2422 368 2496 hostibus
385 2422 422 2494 in
440 2421 571 2495 aerario
586 2424 756 2496 exhausto
779 2423 879 2500 bellis
901 2425 1093 2522 pecuniam
1106 2427 1185 2512 esse,

206 2545 331 2617 auctor
356 2563 428 2616 erat
445 2542 611 2640 stipendii
639 2569 684 2616 ex
708 2571 749 2618 ea
768 2544 922 2643 pecunia
936 2544 1044 2618 militi
1060 2571 1187 2620 nume-

207 2662 322 2751 randi,
340 2685 383 2736 ut
396 2689 439 2738 eo
452 2663 572 2738 minus
586 2663 712 2738 tributi
726 2667 847 2763 plebes
857 2664 1042 2738 conferret.
1093 2677 1118 2708 ‘⁴
1139 2669 1187 2738 E-

208 2784 307 2880 “jus
337 2783 435 2858 enim
460 2783 546 2858 doni
579 2783 781 2859 societatem
811 2783 964 2859 sensuras
995 2785 1187 2882 aequaliter

207 2915 235 2948 ‘⁶
254 2903 420 2978 omnium
450 2907 598 2980 domosr
641 2927 713 2978 non
747 2905 866 2980 avidas
900 2903 938 3003 in
971 2891 1187 3002 direptiones

209 3035 381 3099 “manus
401 3023 595 3101 otiosorum
622 3030 841 3101 urbanorum
867 3047 1104 3125 praerepturas
1120 3025 1188 3100 sor-

210 3156 235 3188 “
255 3145 348 3219 tium
367 3149 575 3220 bellatorum
593 3145 747 3245 praemia
763 3150 846 3220 esse:
878 3172 994 3245 quum
1011 3147 1061 3220 ita
1079 3146 1188 3222 ferme

209 3277 236 3310 “
255 3265 406 3354 eveniat,
437 3289 478 3340 ut
506 3266 645 3367 segnior
674 3272 712 3341 srt
741 3271 937 3367 praedator,
971 3268 1189 3367 utquisque

209 3386 383 3462 “laboris
413 3387 634 3487 periculique
657 3388 883 3487 praecipuam
910 3410 1027 3486 petere
1053 3413 1189 3486 partem

209 3519 236 3550 “
256 3505 396 3582 soleat.''
445 3507 612 3582 Licinius
642 3530 778 3597 contra,
805 3520 829 3553 “
854 3508 1048 3608 suspeslam
1075 3515 1109 3584 ἃ
1134 3510 1189 3584 in·

209 3639 236 3672 “
254 3627 364 3703 visam
398 3626 534 3728 semper
564 3655 641 3703 eam
675 3628 864 3727 pecuniam
898 3631 1010 3718 sore,''
1053 3631 1188 3725 ajebat3

210 3749 456 3847 “caussasque
486 3748 677 3823 criminum
707 3751 753 3823 ad
783 3737 938 3849 plebem,
973 3748 1190 3823 seditionum

210 3879 236 3911 ‘⁴
255 3868 341 3943 inde
358 3896 399 3944 ac
422 3873 545 3968 legum
565 3895 750 3956 novarum,
778 3870 1026 3967 praebituram.
1076 3869 1190 3943 Satius

210 4001 236 4033 “
254 3989 364 4089 igitur
381 3993 462 4077 esse,
497 3989 715 4064 reconciliari
733 4017 776 4064 eo
790 3991 887 4064 dono
904 3991 1016 4088 plebis
1033 3991 1189 4065 animos:

209 4121 236 4156 ‘⁶
256 4107 434 4186 exhaustis
458 4129 565 4209 atque
581 4109 771 4186 exinanitis
786 4110 921 4203 tributo
938 4132 991 4185 tot
1016 4137 1191 4194 annorum
