3067 5342
366 681 437 778 306
717 677 1032 754 T.L1vrt

367 846 501 948 gularia
515 849 600 924 haec
624 849 657 924 ei
675 849 751 926 viro
775 849 933 950 primum
950 849 1131 950 contigere
1143 881 1156 937 3
1187 872 1352 948 proroga-

368 967 421 1041 tio
436 967 575 1067 imperii
599 997 672 1044 non
689 993 768 1046 ante
787 970 825 1046 in
841 973 917 1046 ullo
933 969 1035 1058 sada,
1066 972 1102 1043 ἃ
1119 971 1199 1044 ado
1220 971 1357 1043 honore

369 1086 582 1185 triumphus.

420 1209 577 1282 XXVII.
609 1209 722 1284 Aliud
755 1208 906 1286 subinde
932 1211 1070 1284 bellum
1099 1233 1185 1282 curn
1214 1208 1358 1283 alterius

370 1351 451 1402 orae
493 1327 638 1403 Graecis
689 1351 866 1404 exortum.
940 1331 1111 1426 Namque
1155 1329 1357 1418 Tarentini,

369 1472 486 1547 quum
512 1473 587 1522 rem
612 1447 911 1548 Palaepolitanam
937 1476 1027 1524 vana
1052 1447 1112 1548 spe
1137 1447 1264 1524 auxilii
1293 1447 1357 1522 ali·

371 1567 546 1664 quamdiu
572 1566 824 1658 sustinuiffent‚
858 1569 1046 1668 postquam
1063 1571 1251 1643 Romanos
1267 1571 1360 1666 urbe

370 1685 501 1787 potitos
518 1713 696 1786 accepere,
730 1690 829 1764 velut
848 1686 1020 1777 destituti,
1051 1714 1092 1763 ac
1109 1715 1183 1764 non
1207 1687 1273 1786 qui
1296 1687 1359 1786 ipss

372 1807 617 1896 destituissent,
648 1809 825 1908 increpate
851 1808 1147 1907 Palaepolitanos:
1182 1807 1233 1882 ira
1248 1808 1358 1907 atque

372 1925 508 2004 invidia
525 1927 561 2002 in
580 1931 763 2004 Romanos
783 1926 916 2016 furere3
942 1955 986 2004 eo
1002 1928 1123 2017 etiam,
1149 1928 1252 2027 quod
1277 1929 1358 2000 Lu-

375 2053 532 2124 canos&
555 2050 697 2146 Apulos
732 2051 832 2146 (nam
860 2069 1011 2146 utraque
1033 2074 1078 2124 eo
1102 2073 1197 2122 anno
1213 2045 1360 2122 societas

371 2188 497 2266 coepta
511 2167 575 2262 est)
609 2166 646 2242 in
666 2169 776 2242 fidem
791 2166 917 2267 populi
931 2167 1090 2247 Romani
1112 2166 1243 2242 veniffe
1259 2168 1357 2242 adla-

374 2307 450 2362 tum
470 2286 530 2361 est.
581 2295 607 2330 “
624 2286 773 2388 Qtippe
788 2289 1051 2387 propemodum
1073 2307 1285 2385 perventum
1310 2289 1360 2362 ad

377 2406 454 2488 “se
483 2409 566 2481 effe:
591 2407 739 2504 jamque
771 2407 809 2481 in
841 2435 885 2482 eo
913 2434 988 2482 rem
1014 2406 1102 2495 fore3
1127 2427 1171 2482 ut
1199 2406 1361 2482 Romani

375 2537 481 2602 “aut
509 2525 638 2614 hostes,
672 2547 734 2600 aut
759 2527 900 2601 domini
916 2527 1074 2603 habendi
1097 2530 1173 2601 lint.
1223 2526 1359 2602 Discri-

376 2657 503 2726 “men
525 2644 683 2745 profesto
704 2673 822 2722 rerum
845 2645 985 2723 suamm
1008 2647 1047 2722 in
1076 2651 1172 2724 bello
1193 2646 1360 2723 Samniti·

377 2779 404 2814 “
421 2793 486 2842 um
503 2787 704 2866 eventuque
729 2769 802 2864 ejus
822 2766 922 2844 verti.
973 2769 1064 2842 Eam
1086 2767 1196 2842 solam
1212 2788 1358 2868 gentem

378 2899 404 2940 ⁶⁶
422 2887 557 2975 restare,
585 2911 652 2962 nec
681 2913 759 2962 eam
780 2885 891 2987 ipsam
912 2885 991 2969 satis
1014 2887 1184 2975 validam,
1211 2889 1360 2987 quando

378 3011 593 3082 “Lucanus
626 3005 804 3082 defecerit.
870 3012 993 3109 Qrem
1034 3005 1188 3082 revocari
1224 3008 1359 3095 adhuc,

378 3137 404 3172 “
421 3125 615 3227 inpellique
632 3127 678 3206 ad
703 3127 917 3204 abolendam
933 3124 1137 3202 societatem
1155 3129 1361 3201 Romanam

380 3258 407 3298 “
424 3249 533 3346 polle,
558 3249 582 3320 fi
600 3271 672 3344 qua
682 3272 734 3321 ars
750 3245 903 3321 serendis
920 3245 1104 3328 discordiis
1117 3247 1363 3326 adhibeam?

379 3370 484 3443 Haec
501 3366 642 3442 consilia
655 3391 773 3466 quum
799 3368 898 3465 apud
914 3365 1066 3466 cupidos
1090 3393 1209 3442 rerum
1229 3393 1364 3443 novan-

377 3489 504 3566 darum
520 3486 727 3582 valuiffent3
761 3513 806 3562 ex
814 3487 1003 3584 juventute
1021 3487 1171 3587 quidam
1193 3490 1363 3565 Lucano-

377 3633 458 3683 rum
485 3606 599 3705 pretio
627 3604 764 3696 adsciti,
789 3606 873 3682 clari
904 3605 1018 3706 magis
1046 3605 1139 3682 inter
1161 3609 1362 3707 populares,

381 3752 490 3826 quam
504 3725 655 3815 honesti,
689 3725 780 3800 inter
796 3725 829 3800 se
852 3727 998 3803 mulcati
1016 3728 1077 3828 ipsi
1093 3727 1216 3828 virgis,
1243 3753 1363 3826 quum

379 3873 527 3948 corpora
549 3847 646 3922 nuda
659 3845 853 3922 intuliffent
868 3847 906 3924 in
926 3848 1063 3925 civium
1080 3873 1237 3937 coctum,
1264 3847 1364 3924 voci·

381 3965 479 4043 serati
496 3966 589 4056 sunt,
623 3965 670 4054 se,
703 3967 805 4065 quod
822 3968 931 4043 eastra
951 3971 1118 4050 Romana
1133 3968 1274 4070 ingredi
1290 3972 1361 4043 anfi

381 4089 502 4177 effent,
535 4113 556 4163 a
584 4085 726 4167 consule
752 4086 860 4188 virgis
885 4088 1014 4178 caesos,
1041 4116 1083 4165 ac
1108 4116 1218 4189 prope
1245 4087 1358 4164 securi
