3067 5342
495 736 726 807 Ltnan
778 736 841 807 VI.
1090 758 1156 833 125

180 918 206 951 “
224 899 437 1004 qua'Gallos
459 905 538 981 sudi
555 934 577 981 a
603 906 760 999 delubris
776 907 910 996 vestris,
936 907 1012 1003 jarn
1031 907 1067 981 in
1082 908 1159 982 vin-

179 1037 205 1069 “
225 1026 316 1101 culis
343 1032 378 1101 δι
405 1028 535 1101 catenis
558 1028 670 1102 erit?''
718 1009 866 1101 Nullius
889 1054 955 1103 nec
972 1028 1068 1103 oculi
1094 1056 1159 1103 nec

179 1173 280 1222 aures
294 1146 543 1246 indignitatem
554 1146 728 1223 serebant:
756 1146 816 1220 sed
830 1146 960 1221 invicta
977 1146 1037 1222 fibi
1053 1174 1160 1246 quae-

179 1266 520 1365 dampatientiffima
529 1267 614 1364 justi
625 1266 766 1365 imperii
778 1265 899 1340 civitas
912 1264 1050 1342 fecerat.
1081 1272 1162 1343 Nec

179 1386 344 1461 adversus
370 1386 592 1461 dictatoriam
615 1388 691 1461 vim
707 1410 769 1459 aut
789 1386 924 1460 tribuni
947 1388 1074 1484 plebis,
1099 1411 1161 1462 aut

176 1506 256 1605 ¹ipsa
277 1510 391 1604 plebs,
421 1508 588 1580 adtollere
608 1510 731 1582 oculos
747 1526 809 1580 aut
823 1504 953 1579 hiscere
971 1509 1160 1582 audebant.

180 1628 355 1723 Conjeslo
373 1626 411 1699 in
427 1652 602 1700 carcerem
611 1625 767 1713 Manlio,
791 1624 869 1699 satis
886 1626 1033 1715 constat,
1059 1654 1161 1725 ¹mag-

181 1774 265 1821 nam
283 1768 420 1844 partem
442 1745 555 1844 plebis
572 1746 703 1820 vestem
720 1748 880 1834 mutasse,
914 1748 1045 1821 multos
1068 1774 1161 1821 rnor-

179 1868 266 1941 tales
288 1866 458 1964 capillum
481 1892 521 1939 ac
538 1867 682 1939 barbam
698 1865 899 1961 promisisse,
930 1864 1161 1940 obversatam-

182 2010 256 2084 que
276 1985 450 2061 vestibulo
472 1984 617 2059 carceris
641 1984 812 2058 moestam
836 1988 988 2060 turbam.
1039 1986 1162 2061 Dista-

183 2129 240 2179 tor
269 2106 316 2178 de
346 2103 481 2179 Volscis
510 2102 757 2201 triumphavit:
793 2103 1019 2203 invidiaeque
1049 2105 1163 2204 magis

183 2225 400 2322 triumphus,
431 2251 541 2322 quam
571 2223 714 2322 gloriae,
740 2222 820 2297 suit.
870 2224 1016 2325 Qtippe
1048 2225 1162 2313 domi,
1191 2226 1196 2237 '

184 2373 257 2420 non
287 2344 448 2433 militiae,
476 2365 617 2442 partum
642 2369 745 2431 eum3
775 2346 966 2441 aliumque
998 2345 1044 2417 de
1071 2346 1162 2432 cive,

185 2492 258 2539 non
281 2467 327 2538 de
344 2464 455 2551 hoste,
480 2462 692 2537 fremebant:
719 2488 836 2536 unum
860 2462 1006 2536 defuisse
1023 2484 1163 2538 tantum

187 2584 380 2683 superbiae,
408 2585 508 2682 quod
525 2610 599 2656 non
616 2586 674 2657 M.
691 2582 852 2657 Manlius
869 2603 947 2657 ante
967 2608 1110 2657 currum
1125 2587 1164 2658 fit

186 2707 326 2779 dusius.
377 2705 531 2800 Jamque
549 2704 643 2776 haud
669 2704 795 2801 procul
814 2700 984 2775 seditione
1005 2726 1161 2777 reserat:

187 2825 287 2919 cujus
303 2822 488 2897 leniendae
502 2824 628 2909 caussa,
662 2823 858 2921 postulante
875 2822 989 2908 nullu,
1022 2824 1164 2922 largitor

187 2942 406 3017 voluntarius
429 2961 572 3040 repente
599 2939 734 3016 senatus
757 2940 883 3028 fadus,
908 2940 1081 3017 Satricum
1104 2970 1163 3017 co-

186 3062 320 3137 loniam
347 3064 423 3135 duo
449 3058 562 3135 millia
587 3059 722 3135 civium
751 3064 1003 3135 Romanorum
1029 3062 1164 3137 deduci

180 3184 286 3279 jusfit.
353 3181 441 3255 Bina
472 3180 600 3279 jugera
631 3185 666 3253 δε
699 3178 848 3254 semisses
880 3180 955 3279 agri
986 3183 1164 3279 adsignati.

186 3304 299 3405 Qtod
315 3328 432 3400 quum
446 3304 480 3373 az
497 3324 646 3396 parvum
663 3303 697 3373 dt
715 3298 837 3396 paucis
855 3301 991 3387 datum,
1004 3316 1008 3325 '
1023 3304 1056 3373 dt
1074 3328 1165 3375 mer-

188 3425 314 3498 cedem
338 3424 404 3495 effe
424 3418 598 3520 prodendi
616 3421 674 3491 M.
692 3417 823 3491 Manlii
841 3418 1147 3517 interpretarentur
1152 3455 1165 3509 3

187 3543 346 3617 remedio
370 3540 523 3615 irritatur
547 3537 685 3613 seditio.
718 3542 785 3611 .Et
792 3539 868 3634 jam
893 3538 1005 3638 magis
1024 3537 1166 3640 infignis

187 3667 221 3736 δι
238 3661 400 3764 sordibus
417 3665 451 3734 az
469 3658 559 3734 facie
585 3682 725 3731 reorum
742 3660 846 3731 turba
869 3658 1053 3734 Manliana
1079 3683 1165 3750 erat,

187 3781 395 3881 amotusque
421 3780 500 3879 post
526 3778 751 3877 triumphum
772 3776 996 3881 abdicatione
1015 3780 1166 3854 didlatu-

189 3928 244 3976 rae
261 3922 370 3977 terror
389 3906 422 3976 aa
439 3901 601 4001 linguam
618 3905 652 3976 ac
675 3898 812 3973 animos
829 3897 1034 3974 liberaverat
1049 3900 1165 3974 horni-

191 4047 290 4099 num.
