3067 5342
393 683 439 760 50
738 659 1052 732 T.L1r11

392 831 622 921 munitiones,
652 831 885 907 &interdum
905 856 968 929 per
992 833 1210 906 occasionem
1230 827 1372 926 inpetus

391 953 652 1051 oppidanorum
683 952 720 1025 in
750 955 932 1026 Romanas
958 951 1134 1038 stationes,
1168 949 1372 1048 proeliaque

393 1098 498 1169 parva
520 1071 594 1146 fieri
604 1105 614 1159 ;
650 1075 683 1146 ἃ
701 1071 765 1146 teri
783 1093 936 1171 tempus,
966 1093 1092 1146 neutro
1109 1069 1277 1144 inclinata
1291 1068 1372 1167 spe3

392 1217 509 1291 quum
541 1191 761 1266 frumentum
791 1191 986 1290 copiaeque
1015 1188 1102 1263 aliae
1131 1215 1176 1262 ex
1205 1210 1373 1276 antecon-

393 1313 496 1386 vesto
525 1309 656 1410 largius
686 1309 836 1399 obsessis,
868 1336 978 1409 quam
1007 1309 1261 1396 obsidentibus,
1292 1306 1375 1382 sub·

393 1451 562 1529 peterent.
618 1432 886 1528 videbaturque
916 1455 1027 1528 aeque
1057 1429 1247 1502 diuturnus
1276 1426 1375 1501 futu-

393 1577 452 1624 rus
475 1554 586 1638 labor,
617 1576 657 1624 ac
682 1549 777 1646 Vejis
795 1548 930 1636 fuiffet,
960 1548 999 1622 ni
1014 1547 1156 1621 fortuna
1173 1546 1375 1646 imperatori

394 1675 562 1746 Romano
587 1671 688 1743 simul
716 1669 936 1769 &cognitae
962 1671 1066 1742 rebus
1083 1665 1219 1742 bellicis
1235 1667 1376 1742 virtutis

394 1791 571 1890 specimen
590 1794 624 1864 ὅτ
638 1810 812 1862 maturam
829 1787 1012 1862 vidioriam
1030 1786 1188 1860 dedisset.

446 1911 602 1985 XXVII.
634 1910 720 1982 Mos
739 1929 812 1982 erat
835 1907 989 1995 Faliscis,
1004 1909 1132 1982 eodem
1145 1907 1311 2006 magistro
1335 1907 1374 1980 li-

396 2032 619 2104 berorum&
648 2029 779 2102 comite
807 2028 880 2102 uti:
911 2030 1085 2125 simulque
1116 2029 1234 2124 plures
1259 2029 1375 2125 pueri,

396 2151 498 2249 quod
520 2148 628 2222 hodie
647 2174 792 2246 quoque
808 2147 846 2221 in
864 2147 1014 2222 Graecia
1027 2170 1160 2235 manet,
1189 2147 1298 2222 unius
1315 2176 1376 2223 cu·

398 2295 454 2344 rae
487 2269 804 2342 demandabantur.
863 2266 1074 2366 Principum
1103 2265 1245 2355 liberos,
1293 2272 1379 2344 sicut

398 2389 468 2462 fere
483 2389 535 2475 lit,
554 2386 618 2484 qui
637 2385 780 2460 scientia
792 2386 980 2462 videbatur
996 2389 1217 2485 praecellere,
1240 2389 1378 2462 emdie-

398 2513 469 2584 bat.
520 2510 553 2581 Is
570 2532 685 2605 quum
701 2507 737 2580 in
755 2535 842 2606 pace
860 2506 1058 2582 instituisset
1083 2534 1211 2606 pueros
1227 2530 1308 2583 ante
1322 2535 1380 2582 ur-

398 2631 482 2703 bem
505 2626 600 2702 lusus
621 2626 883 2724 exercendique
910 2630 1025 2701 caussa
1046 2630 1242 2727 producere
1250 2661 1262 2716 ;
1289 2627 1381 2702 nihil

398 2775 441 2822 eo
459 2774 556 2822 more
576 2773 637 2847 per
656 2745 740 2822 belli
758 2768 898 2844 tempus
916 2745 1122 2835 intermiss0,
1145 2769 1237 2837 tum,
1270 2750 1383 2822 modo

400 2869 632 2954 brevioribus,
667 2868 778 2940 modo
808 2865 1029 2966 longioribus
1051 2865 1182 2965 spatiis,
1209 2870 1383 2942 trahendo

399 3015 459 3063 eos
481 3015 502 3061 a
524 3008 636 3085 porta,
670 2985 749 3060 lusu
774 2984 1062 3084 sermonibusque
1091 2987 1242 3075 variatis,
1266 2988 1382 3087 longi-

400 3135 442 3183 us
459 3108 572 3194 solito,
606 3106 671 3181 ubi
689 3133 741 3180 res
768 3106 883 3194 dedit,
917 3111 1126 3206 progressus,
1162 3108 1251 3182 inter
1266 3107 1383 3181 statio·

401 3255 463 3304 nes
479 3255 539 3300 eos
556 3226 712 3300 hostium
730 3226 910 3324 castraque
937 3226 1022 3302 inde
1043 3231 1209 3303 Romana
1224 3227 1262 3300 in
1285 3253 1383 3323 prae·

401 3347 534 3422 torium
552 3347 598 3418 ad
614 3344 810 3419 Camillum
836 3346 1015 3445 perduxit.
1065 3348 1122 3422 lbi
1143 3345 1284 3421 scelesto
1298 3346 1385 3423 faci-

402 3465 480 3540 nori
510 3462 740 3539 scelestiorem
774 3463 970 3540 setmonem
999 3465 1158 3542 addidit:
1186 3469 1386 3545 “Falerios

403 3583 542 3658 “sein
574 3609 698 3658 manus
726 3584 901 3660 Romanis
928 3585 1106 3660 tradidisse
1113 3619 1125 3674 3
1152 3590 1299 3685 quando
1324 3615 1386 3662 eos

401 3718 426 3751 ‘⁴
446 3731 586 3806 pueros,
617 3729 772 3801 quorum
794 3725 953 3802 parentes
970 3706 1085 3804 capita
1102 3705 1153 3781 ibi
1173 3733 1290 3782 rerum
1307 3712 1386 3796 srnt,

401 3839 427 3872 “
446 3827 483 3901 in
501 3825 709 3926 potestatem
727 3822 940 3898 dediderit.''
989 3831 1092 3926 Qrae
1119 3827 1184 3902 ubi
1210 3827 1386 3902 Camillus

400 3947 551 4035 audivit,
585 3956 610 3990 “
628 3949 716 4019 Non
745 3945 791 4017 ad
819 3943 1003 4033 fimilem,”
1033 3946 1165 4045 inquit,
1197 3957 1221 3990 “
1241 3947 1294 4021 tui
1318 3973 1386 4022 nec

403 4079 428 4114 ‘⁶
446 4069 636 4168 populum,
662 4091 728 4140 nec
746 4063 1006 4164 imperatorem,
1025 4064 1186 4142 scelestus
1205 4066 1276 4166 ipse
1300 4094 1386 4142 cum
