3067 5342
450 762 454 772 ·
516 729 748 802 Ltusn
800 701 899 804 vlssss
1111 756 1177 829 321

248 901 407 975 XXXV.
432 903 618 1000 Stupentes
637 901 797 978 tribunos
814 907 848 976 a
864 900 961 982 suam
971 900 1047 997 jam
1063 900 1181 976 vicem

200 1019 314 1119 magis
330 1020 467 1110 anxios,
495 1048 602 1120 quam
618 1023 704 1118 ejus,
731 1022 792 1096 cui
807 1021 983 1096 auxilium
1001 1024 1047 1096 ab
1070 1020 1104 1094 se
1121 1047 1180 1120 pe-

199 1141 351 1229 tebatur,
382 1140 542 1217 liberavit
568 1168 672 1218 onere
690 1140 873 1217 consensus
898 1141 1025 1240 populi
1046 1144 1181 1216 Roma·

199 1259 250 1348 ni,
274 1261 320 1334 ad
337 1287 456 1360 preces
474 1261 790 1338 &obtestationem
803 1261 933 1349 versus,
960 1283 1001 1335 ut
1016 1261 1078 1336 fibi
1095 1289 1180 1359 poe-

199 1395 282 1454 nam
306 1379 462 1480 magistri
479 1381 643 1480 equitum
667 1383 817 1457 dictator
846 1380 1047 1455 remitteret.
1097 1381 1180 1454 Tri-

199 1500 289 1575 buni
307 1527 466 1600 quoque,
493 1501 697 1577 inclinatam
721 1527 795 1575 rem
820 1500 856 1574 in
873 1527 993 1598 preces
1017 1499 1179 1575 subsecu-

198 1619 239 1708 ti,
267 1647 363 1696 orare
397 1621 606 1696 distatorem
634 1621 806 1709 insistunt,
833 1643 875 1695 ut
907 1620 1048 1694 veniam
1074 1619 1181 1694 errori

196 1744 368 1830 humano,
401 1740 541 1816 veniam
565 1741 816 1838 adolescentiae
846 1747 903 1842 Q
928 1738 1030 1815 Fabii
1064 1740 1177 1814 daret:

197 1860 275 1935 satis
292 1887 578 1961 eumpoenarum
592 1861 747 1936 dedisse..
784 1864 867 1956 Jam
881 1856 951 1959 ipse
965 1857 1178 1947 adolescens,

191 1983 268 2078 jam
280 2004 377 2082 pater
394 1985 452 2057 M.
471 1981 603 2057 Fabius
614 1980 850 2056 contentionis
867 1979 983 2068 obliti,
1010 2005 1178 2077 procum-

196 2105 278 2177 bere
312 2105 357 2177 ad
397 2128 526 2203 genua,
567 2107 601 2181 ὅτ
640 2101 727 2179 iram
766 2099 945 2198 deprecari
984 2099 1176 2175 dictatoris.

197 2225 298 2297 Turn
319 2222 481 2310 dictator,
505 2223 638 2296 silentio
658 2221 763 2308 sasso,
799 2232 824 2264 “
842 2223 935 2294 Bene
955 2222 1097 2308 habet,''
1123 2218 1178 2293 in-

131 2362 138 2378 ·
199 2342 291 2440 quit,
330 2354 356 2387 “
412 2341 544 2416 uirites.
595 2341 693 2416 Vicit
716 2337 902 2437 disciplina
927 2338 1100 2430 militaris,
1125 2337 1177 2415 vi-

199 2473 224 2506 “
243 2460 293 2536 cit
319 2462 458 2562 imperii
489 2461 656 2559 majestas,
688 2487 778 2560 quae
806 2459 843 2533 in
874 2457 1076 2535 discrimine
1100 2459 1177 2534 sne-

198 2593 222 2626 “
242 2605 336 2670 runt,
367 2609 412 2656 an
443 2585 517 2657 ulla
549 2582 627 2680 post
659 2584 749 2656 hanc
782 2580 880 2654 diem
913 2581 1030 2655 essent.
1090 2583 1177 2654 Non

196 2712 354 2778 “noxae
374 2703 543 2778 eximitur
560 2702 770 2804 QFabius,
799 2699 862 2800 qui
881 2722 1001 2775 contra
1017 2699 1177 2774 edietum

197 2822 459 2922 “imperatoris
497 2823 690 2924 pugnavit5
725 2821 797 2911 sed,
830 2848 942 2896 noxae
974 2822 1174 2908 damnatus,

197 2945 394 3018 “donatur
419 2945 555 3042 populo
585 2947 752 3018 Romano
759 2977 771 3031 ;
799 2944 951 3017 donatur
966 2939 1175 3018 tribuniciae

196 3076 221 3110 “
241 3065 415 3163 potestati,
443 3065 641 3164 precarium
668 3090 738 3138 non
755 3063 892 3160 justum
920 3061 1095 3136 auxilium
1123 3060 1173 3135 se-

196 3197 222 3230 “
241 3185 343 3260 renti.
393 3184 497 3274 Vive,
536 3190 591 3285 Q.
614 3185 715 3272 Fabi,
748 3182 884 3258 felicior
908 3184 976 3256 hoc
1005 3178 1173 3255 consensu

195 3317 222 3352 ‘⁶
241 3304 391 3380 civitatis
411 3297 457 3379 ad
471 3307 646 3394 tuendum
660 3327 707 3392 te,
735 3331 859 3402 quam,
883 3329 955 3402 qua
970 3303 1077 3399 paulo
1093 3320 1173 3374 ante

195 3436 220 3470 “
238 3425 444 3513 exsultabas,
475 3424 631 3500 visloria.
682 3424 786 3512 Vive,
821 3424 860 3497 id
893 3422 1029 3497 facinus
1057 3418 1172 3508 ausus,

195 3555 220 3590 “
240 3546 340 3641 cujus
358 3544 424 3620 tibi
442 3571 487 3620 ne
505 3569 627 3643 parens
647 3545 809 3644 quidem,
840 3547 862 3618 fi
879 3544 1007 3616 eodem
1020 3543 1100 3614 loco
1117 3539 1172 3614 su·

194 3675 219 3709 “
238 3665 326 3754 isset,
363 3691 438 3763 quo
463 3664 533 3739 suit
557 3667 603 3738 L.
630 3664 804 3762 Papirius,
846 3661 986 3736 veniam
1012 3662 1171 3735 dedisset.

194 3796 219 3829 “
240 3788 406 3874 Mecum,
438 3806 481 3859 ut
506 3786 616 3872 voles,
645 3783 822 3858 reverteris
845 3782 883 3857 in
906 3781 1073 3880 gratiam:
1107 3807 1169 3878 po-

193 3907 324 4004 “pulo
354 3907 535 3994 Romano,
569 3903 629 3980 cui
661 3905 771 3978 vitam
794 3904 915 3990 debes,
946 3900 1035 3992 nihil
1056 3901 1169 3997 majus

194 4037 218 4071 “
237 4025 456 4126 praestiteris,
475 4027 622 4125 quamsi
639 4023 699 4099 hic
713 4022 779 4098 tibi
791 4021 865 4096 dies
881 4020 959 4095 satis
973 4022 1169 4096 documen·

193 4158 219 4192 “
238 4147 264 4221 ti
278 4147 428 4236 dederit,
461 4168 505 4219 ut
521 4147 615 4221 bello
631 4171 671 4218 ac
689 4170 776 4242 pace
790 4141 865 4240 pati
884 4141 1044 4244 legitima
1057 4142 1168 4242 impe-

666 4267 702 4338 Y
