3067 5342
371 613 438 708 πῄ
697 623 1041 678 ιιιτοΜι

371 783 525 864 Curtius
556 797 736 877 armatus,
753 777 886 890 sidens
915 807 1016 892 equo,
1038 781 1086 887 se
1114 773 1358 887 praecapita-

369 915 443 1010 vit,
475 942 586 1023 eaque
602 915 743 1024 expleta
758 912 827 1022 ’.ιβ
886 906 934 994 T.
955 907 1124 992 Manlius
1141 907 1360 1018 adelstane,
1508 997 1510 1010 A

370 1047 437 1156 qui
445 1062 593 1154 patrem
609 1073 634 1124 a
651 1043 852 1125 tribunicia
869 1041 1058 1124 vexatione
1074 1038 1360 1134 vindicaverat,

370 1197 499 1258 centra
525 1177 686 1272 Gallum,
711 1193 972 1285 provocantem
989 1175 1144 1288 aliquem
1163 1203 1213 1256 ex
1227 1171 1361 1254 militi-

371 1311 438 1390 bus
464 1307 650 1403 Romauis,
683 1308 722 1388 in
739 1309 936 1416 singulare
962 1327 1141 1390 certamen
1162 1303 1361 1416 descendit,

372 1443 475 1553 eique
508 1441 585 1522 occi
595 1469 614 1520 a
644 1457 806 1570 torquem
838 1469 989 1522 aureum
1020 1437 1187 1521 detraxit
1197 1467 1220 1533 ,·
1260 1465 1363 1548 quem

373 1576 445 1684 ipse
470 1573 590 1684 postea
618 1571 721 1668 tulit,
753 1574 798 1654 δι’
819 1602 863 1654 ex
879 1603 916 1656 eo
941 1568 1152 1686 Torquatus
1183 1571 1237 1680 est
1262 1599 1362 1652 nun-

374 1724 545 1816 cupatus.
602 1707 718 1788 Duae
746 1705 867 1787 tribus
894 1705 1053 1802 additae,
1081 1703 1293 1816 Pomptina
1318 1702 1362 1783 δέ

374 1838 553 1923 Publilia.
610 1839 781 1922 Licinius
798 1839 893 1922 Stolo
904 1841 979 1948 lege
995 1838 1042 1919 ab
1059 1838 1130 1950 tjusu
1147 1839 1236 1920 lata
1255 1835 1361 1918 dam-

374 1991 485 2054 natus
502 1973 562 2082 ςβ,
596 1971 691 2084 quad
707 1973 796 2083 plus
821 1971 1025 2084 quingentis
1043 1971 1252 2078 jugeribus
1278 1968 1369 2077 agri

367 2105 566 2216 pafflderet.
624 2108 689 2187 M.
710 2105 874 2186 Valerius
892 2104 1062 2188 tribunus
1078 2103 1243 2186 militum
1264 2102 1362 2184 Gal·

373 2240 463 2332 lum,
500 2267 527 2318 a
559 2265 626 2346 qua
649 2253 872 2345 provocatus
904 2254 999 2334 erat,
1031 2233 1204 2343 eustderete
1232 2239 1363 2346 galeae

374 2349 497 2464 curvi,
526 2370 571 2450 ὣ*
597 2369 777 2478 unguibus
798 2369 974 2480 rostroque
1000 2369 1126 2477 hostem
1148 2369 1359 2482 irfislante,

375 2500 518 2597 occidit,
547 2503 591 2584 &l
617 2531 661 2584 ex
678 2531 716 2583 eu
734 2501 854 2584 Corvi
872 2530 993 2584 namen
1017 2501 1176 2610 accepit3
1216 2501 1359 2614 corfid-

373 2665 442 2747 que
451 2634 617 2746 proximo
633 2664 740 2734 anno,
776 2665 884 2747 quum
901 2634 1170 2743 annosviginti
1187 2655 1275 2719 tresv
1286 2636 1357 2718 ha·

375 2769 489 2864 beret,
518 2768 561 2849 ab
586 2767 766 2850 virtutem
790 2786 933 2850 creatus
949 2768 1010 2877 ιβ.
1065 2770 1252 2852 Amicitia
1278 2795 1358 2851 cum

376 2898 742 3009 IQrthagiuienstbus
771 2900 920 3008 jualla.
994 2901 1188 3010 Campani,
1249 2926 1360 3012 quum

376 3051 628 3142 arguerentur
642 3063 669 3113 a
686 3033 909 3114 Samnitibus
927 3032 1027 3128 bella,
1061 3034 1195 3116 auxilia
1212 3034 1356 3118 adver·

362 3172 435 3275 stas
458 3195 513 3248 eas
542 3195 567 3246 a
582 3169 720 3275 senatu
742 3167 872 3275 petita,
900 3193 1008 3276 quum
1035 3166 1078 3248 id
1098 3195 1168 3248 non
1185 3167 1357 3276 inpetra-

378 3317 475 3393 rent,
504 3297 628 3380 urbem
644 3315 752 3406 atque
763 3327 873 3406 agras
882 3299 1015 3410 popula
1029 3299 1194 3381 'Romano
1210 3295 1355 3384 dedide-

377 3447 483 3511 runt.
542 3427 601 3516 Ol
623 3458 731 3538 quam
755 3429 909 3541 cauffiem
933 3461 988 3528 ea,
1021 3462 1112 3543 quae
1123 3435 1257 3544 populi
1277 3435 1355 3514 Ro-

377 3562 596 3670 manifatta
614 3559 732 3670 efferet,
770 3561 913 3672 dffendi
935 3564 1020 3648 bello
1041 3564 1217 3676 adverstes
1244 3564 1353 3650 Sam-

378 3695 471 3777 nites
477 3693 635 3804 placuit.
688 3699 811 3806 Quen
828 3695 876 3778 ab
887 3700 941 3778 A.
961 3697 1124 3780 Cornelia
1136 3700 1272 3805 corfiele
1289 3727 1352 3779 eu·

379 3827 513 3910 ercitus
525 3827 564 3910 iu
577 3828 739 3940 iniquum
755 3830 870 3910 locum
888 3827 1058 3912 dedutlus
1074 3831 1113 3912 iu
1138 3861 1267 3941 magno
1280 3827 1352 3940 dis·

348 3967 354 3982 '
380 3962 528 4044 crimine
553 3959 646 4072 effet,
674 3965 724 4046 P.
751 3962 868 4045 Decii
892 3965 1021 4046 Muris
1044 3963 1189 4048 tribuni
1201 3966 1352 4052 militum
