3067 5342
419 774 486 866 148
732 771 1053 843 T.L1v11

419 952 445 985 “
462 968 546 1017 men
571 938 763 1040 deceptis.’'
812 944 900 1015 Non
930 939 1102 1039 equitem,
1139 964 1214 1013 non
1245 934 1393 1034 peditem

416 1058 608 1137 sustinuere
625 1060 852 1137 Praenestini.
903 1060 1025 1135 Primo
1048 1059 1174 1159 inpetu
1192 1084 1234 1133 ac
1251 1058 1394 1131 clamore

417 1179 568 1279 diffrpati
584 1180 726 1263 ordines
742 1179 834 1255 sunt.
885 1180 995 1269 Dein,
1027 1180 1220 1279 postquam
1239 1178 1337 1250 nullo
1350 1176 1395 1249 lo-

418 1326 463 1375 co
493 1300 674 1377 constabat
701 1298 806 1388 acies,
850 1320 946 1399 terga
979 1322 1121 1377 vertunt
1128 1333 1140 1386 3
1178 1294 1396 1371 consternati·

418 1446 503 1519 que,
534 1424 568 1493 lla
593 1442 729 1517 praeter
745 1420 854 1493 castra
880 1420 986 1493 etiam
1013 1419 1073 1494 sua
1088 1444 1223 1517 pavore
1247 1412 1395 1515 praelati,

418 1566 491 1613 non
509 1540 606 1637 prius
623 1538 655 1613 se
670 1543 715 1614 ab
728 1538 837 1614 effuso
854 1538 954 1615 eursu
973 1513 1105 1629 srstuirt,
1132 1564 1247 1639 quam
1265 1535 1302 1609 in
1318 1559 1395 1607 con·

419 1658 537 1755 speetu
561 1659 744 1734 Praeneste
770 1658 851 1733 suit.
901 1658 955 1733 lbi
979 1686 1024 1733 ex
1047 1659 1133 1761 fuga
1154 1654 1320 1755 diffipati‚
1349 1655 1394 1725 lo

418 1806 518 1865 curn,
561 1803 671 1877 quem
704 1779 939 1855 tumultuario
981 1806 1087 1879 opere
1121 1774 1394 1858 communirent,

418 1898 582 1996 capiunt:
614 1925 672 1984 ne,
699 1901 722 1971 sr
752 1898 843 1972 intra
868 1898 1009 1973 moenia
1025 1897 1058 1973 se
1089 1898 1310 1996 recepiffent,
1341 1920 1394 1968 ex·

417 2020 553 2117 templo
578 2039 738 2093 uteretur
771 2044 865 2117 ager,
909 2018 1206 2118 depopulatisque
1234 2014 1394 2091 omnibus

416 2137 553 2213 obsidio
578 2136 660 2213 urbi
687 2136 881 2213 inferretur.
932 2140 1014 2226 Sed,
1033 2140 1240 2238 postquam,
1259 2131 1395 2232 direptis

417 2260 463 2331 ad
490 2256 624 2330 Alliam
664 2255 794 2345 castris,
824 2256 938 2331 vidor
969 2260 1157 2333 Romanus
1193 2261 1325 2343 aderat,
1362 2251 1395 2325 id

418 2401 565 2473 quoque
583 2374 851 2451 munimentum
875 2376 1055 2451 relietum:
1087 2383 1135 2466 δι,
1170 2378 1236 2453 vix
1264 2370 1395 2451 moenia

417 2516 495 2570 tuto
515 2494 594 2583 rati,
633 2495 771 2593 oppido
790 2495 823 2570 se
848 2498 1028 2571 Praeneste
1050 2498 1259 2577 includunt.
1308 2493 1394 2567 otto
1513 2576 1514 2581 η

418 2637 594 2716 praeterea
625 2613 760 2713 oppida
792 2637 889 2691 erant
911 2615 976 2691 sub
998 2615 1134 2692 ditione
1158 2612 1393 2693 Praenestino·

416 2762 509 2811 rum.
560 2735 622 2811 Ad
639 2762 680 2809 ea
692 2734 942 2818 circumlatum
960 2738 1112 2811 bellum:
1147 2734 1395 2835 deincepsque,

417 2859 515 2933 haud
534 2882 667 2957 magno
685 2853 876 2929 certamine
901 2854 1025 2953 captis,
1061 2852 1395 2933 Velitras'exercitus
1512 2850 1513 2853 ’

417 2982 560 3054 ἀυὲὶιιε.
612 2980 685 3050 Eae
708 3002 854 3075 quoque
872 2998 1103 3076 expugnatae.
1153 2980 1258 3053 Tum
1278 2976 1323 3051 ad
1344 2995 1394 3045 ca·
1511 3076 1512 3087 ἱ

417 3120 484 3200 put
505 3096 590 3173 belli
613 3096 796 3171 Praeneste
818 3119 977 3171 ventum.
1027 3099 1071 3171 ld
1087 3123 1160 3173 non
1177 3100 1231 3189 vi,
1258 3096 1316 3171 sed
1339 3114 1394 3189 per

418 3216 654 3304 deditionem,
687 3238 871 3314 receptum
888 3216 948 3290 est.
998 3220 1046 3292 T.
1061 3218 1271 3319 Qindlius,
1297 3210 1393 3291 semel
1510 3298 1511 3321 ξ

418 3337 493 3411 acie
509 3336 635 3422 vietor,
664 3335 758 3411 binis
775 3336 891 3411 castris
908 3336 1078 3425 hostium,
1106 3366 1238 3415 novem
1260 3329 1393 3436 oppidis
1510 3330 1511 3342 ’

417 3456 454 3529 vi
472 3454 597 3552 captis,
621 3454 803 3528 Praeneste
831 3454 867 3529 in
891 3455 1112 3531 deditionem
1130 3481 1292 3559 accepto,
1323 3456 1392 3528 Ro-

417 3600 515 3649 mam
532 3572 693 3648 revertit:
724 3572 1015 3673 triumphansque
1035 3581 1186 3676 signum,
1218 3570 1392 3655 Praeneste

418 3696 622 3780 devedlum,
652 3692 752 3788 Jovis
767 3694 991 3790 Imperatoris
1014 3696 1052 3770 in
1071 3698 1293 3796 Capitolium
1308 3689 1393 3770 tulit.

419 3813 639 3890 Dedicatum
662 3813 712 3886 est
738 3813 829 3887 inter
852 3816 975 3889 cellam
1001 3817 1101 3912 Jovis
1127 3844 1168 3895 ac
1193 3821 1390 3895 Minervae

417 3937 609 4032 tabulaque
626 3931 689 4009 sub
703 3934 843 4020 collita,
867 3959 1144 4013 monumentum
1159 3966 1277 4015 rerum
1290 3932 1390 4039 gesta·

417 4080 513 4141 rum,
543 4052 599 4126 his
625 4052 735 4127 ferme
762 4051 871 4127 incisa
892 4052 1000 4129 literis
1022 4058 1111 4133 fuit:
1145 4071 1169 4103 “
1189 4063 1328 4160 Jupiter
1346 4072 1390 4127 at.

419 4184 535 4272 “que
559 4172 646 4247 Divi
668 4200 792 4247 omnes
818 4176 887 4249 hoc
911 4176 1101 4269 dederunt,
1132 4204 1174 4255 ut
1195 4186 1242 4258 T.
1260 4176 1387 4281 Qrinc-
