3067 5342
369 659 439 756 32⁸
685 656 1007 731 T.Lrvrr
1166 744 1171 756 ,

372 837 398 872 “
415 825 602 927 pugnam?
629 831 773 904 haerent
787 827 939 928 inpediti
955 827 1207 928 inpedimentis
1219 827 1354 904 nolitis

370 957 396 992 “
412 949 633 1047 Adgredere,
659 951 759 1047 quod
775 949 867 1024 inter
883 951 1127 1048 praedandum
1142 948 1244 1024 omni
1258 949 1352 1022 mul·

372 1079 398 1112 “
417 1067 563 1144 titudini
583 1069 713 1158 evenit,
748 1069 940 1170 diffipatos:
967 1096 1058 1146 raros
1084 1069 1187 1167 equis
1204 1067 1355 1144 infiden-

372 1199 398 1234 “
417 1211 482 1278 tes,
506 1215 612 1277 raros,
643 1189 776 1288 quibus
807 1188 940 1266 sermm
970 1191 1008 1264 in
1034 1213 1142 1265 manu
1171 1191 1225 1276 fit,
1254 1189 1355 1264 inve·

372 1320 397 1354 “
416 1309 508 1385 nies:
552 1309 732 1409 equosque
766 1311 856 1385 dum
887 1311 1017 1410 praeda
1053 1329 1211 1397 onerant,
1245 1311 1356 1385 caede

373 1440 399 1475 ‘⁴
417 1430 580 1518 inermes,
623 1451 879 1531 cruentamque
920 1429 989 1506 illis
1026 1431 1193 1529 praedam
1230 1432 1354 1508 redde.

371 1560 396 1594 “
416 1549 516 1625 Mihi
539 1549 695 1650 legiones
710 1550 947 1650 peditumque
963 1577 1087 1652 pugna
1104 1577 1209 1627 curae
1227 1571 1352 1625 eruutz

368 1681 394 1715 “
412 1697 519 1770 penes
535 1690 570 1744 te
583 1671 740 1769 equestre
754 1674 792 1746 fit
805 1673 949 1746 decus.’'

419 1793 599 1866 XXXIX.
626 1791 804 1890 Equitum
829 1790 934 1881 acies,
967 1792 1082 1890 qualis
1103 1816 1195 1891 quae
1211 1793 1278 1865 esse
1298 1790 1354 1865 in-

370 1909 589 1986 struuiffima
602 1912 727 2012 potest,
758 1911 897 1986 insessa
909 1911 947 1986 in
967 1912 1143 2011 diffipatos
1160 1911 1354 2009 inpeditos-

370 2057 443 2130 que
476 2031 603 2118 hostes,
636 2033 744 2108 caede
774 2030 896 2106 omnia
916 2034 1036 2130 replet
1088 2035 1182 2108 lnter
1205 2031 1355 2109 sarcinas

227 2171 230 2180 '
369 2151 508 2228 omissas
539 2173 692 2251 repente,
718 2152 919 2248 objacentes
950 2151 1105 2250 pedibus
1133 2151 1354 2252 fugientium

370 2272 744 2369 consternatorumque
795 2297 985 2371 equorum,
1035 2297 1155 2371 neque
1194 2298 1351 2374 pugnae,

371 2417 488 2489 neque
525 2391 631 2491 fugae
662 2390 740 2466 satis
773 2412 947 2489 potentes,
977 2394 1187 2470 caeduntur.
1235 2397 1351 2483 Tum,

369 2511 487 2586 deleto
515 2537 624 2610 prope
649 2511 810 2610 equitatu
831 2511 1002 2602 hostium,
1026 2516 1086 2590 M.
1105 2513 1250 2602 Fabius,
1284 2513 1351 2589 cir-

369 2633 586 2709 cumdustus
612 2632 813 2730 paullulum
840 2631 915 2719 alis,
957 2636 1002 2709 ab
1028 2655 1129 2734 tergo
1153 2635 1351 2734 pedestrem

369 2752 484 2828 aciem
502 2749 671 2828 adoritur.
721 2754 866 2828 Clamor
894 2751 978 2828 inde
1001 2780 1115 2830 novus
1135 2755 1300 2830 accidens
1316 2759 1352 2830 ὃς

370 2872 585 2948 Samnitium
611 2873 734 2948 terruit
764 2872 926 2961 animos;
960 2877 996 2948 ὃς
1021 2873 1184 2964 distator,
1206 2873 1273 2950 ubi
1298 2901 1351 2951 re-

371 2993 563 3091 spestantes
578 2994 733 3069 hostium
747 2996 999 3092 antefignanos,
1017 2999 1226 3095 turbataque
1243 2999 1350 3095 ligna,

371 3118 406 3190 δι
423 3117 654 3190 fluctuantem
682 3113 796 3190 aciem
821 3112 926 3201 vidit,
951 3134 1031 3188 tum
1053 3117 1243 3212 adpellare,
1268 3138 1349 3191 tum

371 3233 546 3309 adhortari
568 3232 710 3320 milites,
736 3232 899 3310 tribunos
914 3231 1162 3333 principesque
1178 3236 1350 3313 ordinum

371 3353 584 3429 nominarim
610 3354 655 3428 ad
682 3353 876 3428 iterandam
892 3352 1012 3429 secum
1037 3380 1197 3454 pugnam
1213 3383 1350 3432 vocare.

370 3474 515 3548 Novato
531 3476 696 3564 clamore,
727 3476 822 3573 figna
836 3471 1059 3549 infemnmr:
1087 3479 1136 3564 br,
1166 3475 1351 3576 quidquid

369 3591 697 3694 progrediebantur,
721 3593 836 3693 magis
863 3592 1046 3694 magisque
1062 3599 1220 3671 turbatos
1235 3597 1350 3672 hostes

371 3717 572 3792 cernebant.
621 3717 744 3818 ¹Eques
761 3713 832 3812 ipse
856 3713 933 3810 jam
954 3713 1079 3814 primis
1102 3737 1175 3790 erat
1203 3714 1242 3790 in
1264 3742 1349 3793 con-

370 3835 512 3936 spedlur
560 3838 594 3908 bt
628 3833 827 3923 Cornelius,
861 3832 1048 3933 respiciens
1074 3836 1122 3911 ad
1150 3836 1349 3936 manipulos

369 3955 541 4044 militum,
566 3954 669 4053 quod
692 3979 816 4042 manu,
845 3955 947 4053 quod
968 3981 1057 4032 voce
1074 3977 1221 4056 poterat,
1245 3984 1348 4032 mon-

370 4075 509 4164 strabat,
551 4071 680 4150 vexilla
713 4071 747 4149 se
780 4071 924 4150 suorum
964 4074 1171 4176 parmasque
1208 4104 1349 4156 cernere
