3067 5342
485 761 815 836 LtnnnV.
1118 789 1164 864 35

180 943 297 1006 “non
327 931 490 1030 petissent
505 935 608 1034 super
634 957 731 1010 tanta
756 964 806 1025 re,
837 937 1015 1012 auxilium
1046 961 1163 1038 petere

178 1062 204 1094 “
223 1077 296 1126 non
314 1055 495 1129 deberent.
546 1059 657 1132 Nunc
672 1057 748 1154 jam
777 1083 841 1154 pro
857 1057 891 1131 se
908 1057 1088 1135 fortunam
1106 1061 1161 1135 su-

178 1184 203 1216 “
221 1201 280 1248 am
298 1174 367 1248 illis
385 1201 511 1274 negare
520 1211 532 1264 3
567 1177 723 1250 maxime
751 1177 789 1250 in
806 1204 847 1251 ea
863 1201 959 1275 parte
988 1182 1160 1257 Etruriae.

177 1303 202 1336 “
223 1297 379 1368 Gentem
397 1294 620 1384 invisitatam,
649 1325 759 1371 novos
783 1300 923 1373 adcolas
941 1302 1063 1374 Gallos
1079 1304 1164 1389 else,¹

176 1425 202 1456 “
221 1440 307 1488 cum
324 1415 458 1512 quibus
476 1443 540 1491 nec
564 1443 634 1516 pax
648 1417 726 1492 satis
743 1421 828 1506 fida,
855 1446 921 1494 nec
942 1422 1079 1494 bellum
1095 1449 1159 1518 pro

175 1545 200 1578 “
221 1557 317 1608 certo
331 1538 387 1608 fit:
414 1533 576 1636 sanguini
590 1559 709 1612 tamen
723 1538 935 1637 nominique
954 1545 988 1614 ἃ
1002 1540 1159 1637 praesen·

175 1665 200 1697 “
219 1654 317 1729 tibus
330 1655 497 1752 periculis
515 1656 861 1758 consanguineorum
877 1659 916 1733 id
940 1659 1029 1748 dari,
1056 1683 1109 1749 ut,
1136 1667 1159 1736 st

173 1775 283 1873 “qui
306 1776 506 1871 juventutis
538 1778 618 1852 suae
653 1780 836 1854 voluntate
869 1782 913 1854 ad
948 1781 987 1854 id
1023 1784 1159 1857 bellum

172 1906 198 1938 “
218 1917 311 1984 eant,
352 1926 426 1973 non
454 1898 673 1997 inpediant.''
723 1903 821 1974 Eum
850 1927 1024 2000 magnum
1053 1905 1158 1979 adve-

172 2018 258 2091 nisse
297 2019 455 2094 hostium
491 2046 696 2107 numerum,
755 2018 850 2092 fama
889 2023 1030 2095 Rornae
1073 2046 1157 2098 erat.

172 2141 302 2238 quue
325 2139 505 2214 mitescere
529 2138 723 2214 discordiae
744 2139 926 2215 intestinae
944 2162 1043 2215 metu
1058 2169 1157 2217 com-

170 2259 288 2347 muni,
314 2283 356 2334 ut
373 2263 426 2348 fit,
455 2281 612 2358 coeptae.

219 2382 357 2454 XVlll.
407 2382 522 2454 Haud
553 2378 672 2453 invitis
703 2381 866 2456 Patribus
893 2387 934 2457 P.
965 2383 1154 2461 Licinium

167 2500 322 2575 Calvum
340 2499 580 2599 praerogativa
595 2500 782 2574 tribunum
805 2503 962 2577 militum
993 2531 1067 2578 non
1092 2532 1153 2602 pe-

167 2643 302 2696 tentem
333 2641 464 2708 creant,
500 2619 752 2706 moderationis
781 2646 944 2718 expertae
975 2624 1013 2697 in
1036 2625 1152 2722 priore
1235 2715 1238 2720 Ι

166 2741 370 2840 magistratu
386 2741 517 2828 virum,
553 2763 710 2815 ceterum
720 2743 797 2837 jam
810 2765 889 2816 tum
903 2747 1044 2817 exadae
1061 2739 1152 2819 aeta-

166 2861 228 2934 tis:
260 2861 453 2958 omnesque
467 2860 636 2961 deinceps
653 2890 697 2936 ex
722 2863 876 2962 collegio
892 2864 1049 2959 ejusdem
1067 2867 1150 2941 anni

165 2980 263 3056 refici
290 2983 492 3081 adparebat,
519 2986 566 3058 L.
583 2983 781 3073 Titinium,
809 2988 849 3058 Ρ.
876 2985 1082 3075 Maenium,
1109 2992 1149 3064 P.

163 3101 358 3191 Maelium,
396 3106 464 3178 Cn.
500 3103 723 3192 Genucium,
772 3107 818 3178 L.
850 3103 1033 3179 Atilium:
1083 3108 1148 3205 qui

162 3221 370 3320 priusquam
394 3223 696 3313 renunciarentur,
724 3225 805 3320 jure
832 3224 964 3299 vocatis
982 3225 1148 3302 tribubus

160 3341 328 3437 permissu
356 3342 537 3444 interregis
561 3347 602 3418 P.
620 3343 787 3418 Licinius
817 3347 948 3418 Calvus
975 3344 1024 3418 ita
1040 3351 1147 3422 verba

159 3463 268 3538 fecit:
304 3475 330 3507 “
360 3467 479 3538 Omen
510 3463 735 3552 concordiae,
768 3464 941 3565 Qtirites‚
968 3464 1017 3539 rei
1045 3495 1144 3542 max-

159 3594 186 3626 “
206 3583 278 3658 ime
296 3582 333 3657 in
360 3589 430 3658 hoc
458 3606 599 3683 tempus
627 3583 721 3672 utili,
749 3584 920 3658 memoria
946 3587 1052 3660 nostri
1070 3615 1144 3662 ma-

159 3713 185 3748 “
204 3703 368 3802 gistratus
396 3731 459 3778 vos
489 3705 544 3778 his
573 3702 729 3778 comitiis
755 3725 872 3802 petere
895 3705 933 3778 in
956 3706 1143 3804 insequen-

157 3835 184 3867 “
203 3845 277 3898 rem
294 3851 429 3898 annum
446 3824 565 3899 vide0.
615 3824 652 3898 Si
684 3825 835 3922 collegas
858 3824 1001 3900 eosdem
1029 3827 1142 3901 relici-

158 3954 183 3988 “
203 3943 260 4033 tis,
287 3943 395 4018 etiam
426 3942 490 4019 usu
525 3943 688 4018 meliores
717 3943 839 4032 fastos,
880 3973 939 4020 rne
962 3947 1038 4042 jam
1067 3973 1141 4022 non

157 4075 183 4108 ‘⁴
201 4067 388 4153 eumdem,
414 4062 474 4138 sed
500 4067 667 4140 umbram
696 4091 904 4162 nomenque
935 4069 976 4140 P.
1005 4066 1142 4141 Licinii

159 4197 183 4234 “
200 4185 366 4261 relislum
382 4183 521 4260 videtis.
572 4184 673 4260 Vires
691 4183 847 4283 corporis
871 4185 1041 4276 adfeslae,
1067 4188 1141 4262 sen·
