3067 5342
369 585 443 660 216
702 583 1021 658 T.Lrvrr

371 781 463 856 opus
478 755 725 846 intermissum,
758 757 882 856 (triarii
899 778 1010 848 erant,
1044 755 1108 856 qui
1127 751 1353 844 muniebant)

372 879 408 950 δι
428 879 480 952 -ab
493 877 632 952 hastatis
657 877 964 977 principibusque,
995 877 1061 976 qui
1077 903 1144 976 pro
1172 871 1357 950 munitori-

373 999 442 1072 bus
458 996 586 1072 intenti
600 997 797 1096 annatique
814 997 990 1086 steterant,
1020 995 1204 1096 proelium
1221 993 1360 1068 initum.

373 1119 513 1192 Praeter
533 1116 702 1193 virtutem
730 1121 832 1195 locus
855 1145 1001 1218 quoque
1028 1116 1190 1217 superior
1215 1112 1359 1211 adjuvit,

371 1257 415 1310 ut
425 1235 499 1336 pila
514 1237 637 1312 omnia
655 1238 843 1337 hastaeque
860 1263 946 1326 non,
974 1259 1161 1337 tamquam
1182 1261 1231 1310 ex
1253 1259 1363 1332 aequo

373 1356 488 1446 missa,
513 1383 604 1432 vana
630 1359 747 1456 (quod
773 1360 985 1458 plerumque
1008 1359 1063 1452 fit)
1089 1358 1279 1442 caderent,
1305 1351 1361 1428 sed

373 1477 497 1552 omnia
520 1477 646 1553 librata
660 1477 878 1576 ponderibus
902 1479 1092 1577 figerentur
1104 1508 1117 1564 3
1152 1471 1359 1572 oneratique

373 1598 452 1674 telis
485 1597 595 1688 Galli,
638 1598 771 1697 quibus
804 1618 865 1674 aut
897 1623 1044 1696 corpora
1076 1599 1262 1684 transfixa,
1306 1611 1361 1667 aut

374 1739 598 1818 praegravata
624 1716 890 1794 inhaerentibus
913 1719 1081 1816 gerebant
1103 1716 1220 1806 scuta,
1249 1737 1361 1814 quum

374 1838 478 1914 cursu
502 1865 592 1938 pene
615 1837 654 1912 in
675 1835 861 1912 adversum
878 1835 1056 1924 subissent,
1088 1837 1213 1936 primo
1241 1828 1361 1910 incerti

374 1957 544 2034 restitere:
579 1957 677 2046 dein,
707 1981 823 2056 quum
845 1953 918 2054 ipsa
941 1955 1121 2030 cunetatio
1145 1961 1184 2031 δι
1206 1953 1265 2030 his
1290 1948 1361 2028 ani·

374 2103 454 2153 mos
470 2076 663 2164 minuisset,
694 2081 729 2150 br
750 2075 898 2151 auxiffet
916 2074 1022 2164 hosti,
1047 2075 1178 2173 inpuifi
1195 2095 1290 2150 retro
1307 2095 1360 2144 ru·

374 2224 431 2272 ere
443 2197 503 2271 alii
519 2197 620 2296 super
634 2196 735 2284 alios,
767 2195 990 2296 stragemque
1007 2195 1097 2272 inter
1112 2194 1146 2271 se
1161 2196 1276 2272 caede
1290 2187 1357 2289 ipsa

375 2315 573 2390 foediorem
601 2317 695 2390 dare.
755 2317 862 2390 Adeo
890 2315 1073 2414 praecipiti
1104 2320 1213 2400 turba
1241 2308 1360 2390 obtriti

373 2437 504 2534 plures,
535 2460 646 2534 quarn
663 2432 754 2508 serto
767 2434 894 2510 necati.

432 2557 572 2633 XXIV.
604 2556 777 2630 Necdum
795 2575 888 2630 certa
907 2555 1082 2632 Romanis
1103 2554 1257 2632 victoria
1278 2570 1355 2628 erat

375 2674 460 2750 Alia
478 2673 517 2748 in
536 2700 707 2773 campum
720 2676 882 2774 degressis
899 2674 1073 2774 supererat
1085 2677 1212 2752 moles.
1248 2677 1355 2750 Nam·

376 2821 448 2893 que
475 2794 673 2870 multitudo
703 2797 903 2882 Gallorum,
938 2792 1076 2870 sensum
1103 2821 1251 2872 omnem
1284 2789 1355 2866 talis

375 2913 499 2990 damni
528 2912 750 3013 exsuperans,
789 2915 887 2988 velut
914 2939 1006 2988 nova
1030 2913 1145 2991 rursus
1179 2913 1356 2990 exoriente

374 3035 464 3122 acie,
491 3033 671 3132 integrum
688 3031 842 3108 militem
858 3032 1020 3108 adversus
1032 3033 1203 3110 victorem
1224 3033 1355 3109 hostem

376 3151 504 3230 ciebat
554 3151 729 3251 Stetitque
744 3152 921 3253 subpresso
939 3152 1063 3252 inpetu
1088 3156 1278 3230 Romanus
1285 3186 1298 3240 3
1323 3152 1354 3222 δι

376 3273 464 3370 quia
495 3271 626 3348 iterum
652 3271 740 3346 sessrs
776 3271 959 3348 subeunda
990 3272 1174 3349 dimicatio
1207 3297 1293 3361 erat,
1322 3272 1353 3342 ὅτ

375 3392 477 3490 quod
494 3390 630 3492 consui,
655 3393 746 3465 dum
763 3390 854 3465 inter
868 3391 1040 3490 primores
1056 3393 1218 3469 incautus
1236 3391 1352 3493 agitat,

375 3511 475 3584 laevo
491 3512 642 3585 humero
667 3508 789 3584 matari
816 3537 926 3609 prope
949 3513 1103 3609 trajedi0,
1133 3516 1275 3589 cesserat
1299 3535 1355 3610 pa·

377 3653 521 3728 rumpet
542 3655 587 3705 ex
602 3627 688 3703 acie.
739 3632 894 3728 Jamque
918 3632 1041 3708 omissa
1066 3635 1268 3709 cundando
1284 3630 1354 3706 vic-

378 3749 469 3824 toria
496 3771 582 3838 erat,
621 3773 737 3848 quum
761 3748 898 3839 consul,
929 3754 1075 3827 vulnere
1105 3753 1274 3853 adligato,
1305 3774 1352 3824 re·

377 3873 499 3952 vedius
518 3871 564 3944 ad
580 3868 696 3966 prima
710 3871 818 3968 figna,
845 3879 870 3912 “
889 3871 992 3972 Qrid
1018 3873 1096 3960 stas,
1130 3874 1231 3950 miles
1241 3877 1278 3948 ?”
1301 3871 1351 3944 in·

373 3993 465 4089 quit.
515 3999 541 4034 “
566 3993 655 4063 Non
677 4014 763 4063 cunr
785 3987 919 4063 Latino
945 3990 1148 4092 Sabinoque
1179 3996 1281 4071 hoste.
1302 4012 1350 4066 res
