3067 5342
405 702 476 798 336
738 701 1052 776 T.L1v11

402 867 630 966 conspicitur.
679 871 789 948 Citati
807 871 892 948 inde
908 895 1012 962 retro,
1030 898 1101 972 qua
1113 890 1294 959 venerant,
1311 897 1389 970 per·

400 1011 492 1089 gunt
515 1011 668 1089 repetere
696 991 804 1066 viam.
856 995 948 1068 Earn
973 1017 1122 1091 quoque
1148 992 1302 1068 clausam
1329 991 1392 1066 sua

400 1109 504 1186 obice
520 1109 694 1209 armisque
712 1110 910 1188 inveniunt
959 1113 1091 1188 Sistunt
1120 1112 1205 1187 inde
1234 1113 1391 1214 gradum

400 1233 469 1304 fine
499 1229 608 1306 ullius
633 1229 802 1332 imperior
829 1233 1023 1332 stuporque
1043 1233 1210 1308 omnium
1235 1231 1390 1321 animos,

401 1377 442 1426 ac
458 1353 557 1426 velut
573 1372 693 1450 torpor
719 1351 869 1450 quidam
895 1351 1054 1428 insolitus
1082 1357 1244 1429 membra
1272 1373 1389 1428 tenet:

402 1469 649 1572 intuentesque
682 1471 742 1546 alii
770 1471 857 1548 alios
894 1478 1026 1572 (quum
1055 1475 1203 1548 altemm
1235 1471 1391 1574 quisque

400 1613 606 1696 compotem
636 1591 748 1692 magis
777 1591 907 1668 mentis
947 1619 988 1668 ac
1027 1591 1161 1667 consilii
1195 1593 1388 1689 ducerent)

401 1711 466 1786 diu
485 1709 673 1786 inmobiles
690 1715 799 1788 slent.
849 1711 993 1788 Deinde
1017 1711 1083 1788 ubi
1106 1713 1278 1811 praetoria
1301 1742 1390 1790 con·

400 1829 517 1906 sulum
544 1830 631 1931 erigi
659 1831 792 1922 videre,
819 1835 855 1906 ὃς
883 1831 1051 1932 expedire
1081 1833 1254 1932 quosdam
1283 1834 1391 1910 utilia

401 1949 512 2048 operi,
528 1977 748 2051 quamquam
771 1949 929 2028 ludibrio
948 1951 1021 2026 sore
1035 1953 1250 2044 munientes,
1267 1955 1388 2053 perdi-

401 2071 445 2148 tis
458 2075 561 2148 rebus
578 2099 619 2148 ac
636 2070 694 2171 spe
710 2069 809 2145 omni
833 2073 987 2162 ademta,
1010 2077 1223 2162 cernebant,
1251 2097 1387 2166 tamen,

400 2219 445 2267 ne
466 2195 612 2292 culpam
640 2191 743 2265 malis
771 2193 955 2280 adderent,
981 2219 1047 2290 pro
1069 2191 1102 2268 se
1127 2193 1292 2294 quisque,
1319 2223 1389 2272 nec

399 2314 558 2386 hortante
575 2311 651 2384 ullo
666 2336 731 2385 nec
749 2310 957 2410 imperante,
969 2315 1016 2388 ad
1029 2313 1270 2390 muniendum
1285 2321 1387 2405 versi,

402 2429 510 2506 castra
531 2451 675 2528 propter
690 2456 821 2529 aquam
846 2435 939 2507 vallo
967 2423 1213 2524 circumdant,
1241 2436 1304 2511 sua
1325 2436 1390 2535 ipfi

399 2576 504 2649 opera
541 2552 772 2648 laboremque
811 2549 950 2627 irritum
994 2560 1252 2654 (praeterquam
1282 2559 1388 2655 quod

399 2672 514 2748 hostes
539 2669 687 2771 superbe
704 2669 946 2771 increpabant)
973 2701 1058 2749 cum
1084 2673 1272 2752 miserabili
1298 2703 1386 2752 con-

400 2792 540 2872 seffione
578 2793 772 2867 eludentes.
836 2795 900 2868 Ad
935 2793 1094 2870 consules
1137 2796 1301 2884 moestos,
1338 2825 1385 2872 ne

400 2915 613 2988 advocantes
643 2911 793 3010 quidem
826 2911 865 2986 in
900 2913 1098 3004 confilium,
1131 2917 1291 3015 (quando
1318 2943 1387 2994 nec

399 3033 543 3110 confilio
567 3059 633 3108 nec
659 3031 795 3106 auxilio
814 3034 914 3107 locus
943 3036 1041 3128 essct)
1084 3035 1146 3111 sua
1177 3035 1300 3134 sponte
1332 3039 1385 3112 le-

400 3153 473 3254 gati
498 3179 539 3228 ac
566 3151 699 3228 tribuni
725 3151 959 3228 conveniunt:
989 3153 1191 3254 militesque
1216 3159 1262 3232 ad
1287 3182 1387 3254 prae·

398 3274 529 3366 corium
556 3275 654 3363 verli,
698 3298 819 3373 opem,
854 3299 964 3372 quam
991 3274 1054 3350 vix
1088 3276 1152 3351 Dii
1179 3276 1382 3354 imnortales

397 3395 485 3492 serto
501 3411 672 3494 poterant,
700 3395 748 3468 ab'
763 3392 917 3468 ducibus
933 3394 1140 3492 exposcunt.
1227 3463 1229 3467 .

303 3527 306 3530 ’
447 3517 512 3588 111.
537 3518 733 3614 Qrerentes
750 3511 878 3614 magis,
903 3540 1015 3612 quarn
1040 3516 1287 3607 consultantes,
1308 3545 1382 3594 uox

400 3636 576 3733 obpressit.
625 3639 752 3735 Qrum
767 3660 833 3733 pro
849 3633 996 3733 ingenio
1012 3635 1163 3736 quisque
1175 3637 1381 3714 fremerent:

399 3755 501 3845 alius,
529 3766 553 3799 “
573 3780 636 3853 pet
660 3755 780 3831 obices
805 3753 990 3855 vianrm;’³
1021 3756 1111 3832 alius
1136 3768 1161 3802 “
1176 3784 1239 3857 per
1260 3760 1383 3834 adver-

400 3887 424 3921 “
443 3875 478 3952 sa
504 3873 699 3964 montium,
728 3900 790 3976 per
816 3877 927 3965 sllvas,
954 3902 1027 3975 qua
1058 3875 1138 3952 seni
1164 3904 1260 3953 uma
1283 3901 1384 3978 pote·

397 4006 422 4040 “
441 4015 684 4084 tumeamus.
735 3995 855 4070 Modo
881 3997 928 4069 ad
955 3995 1093 4072 hostem
1123 3997 1304 4096 pervenire
1336 3999 1379 4072 li-

396 4126 420 4160 “
440 4137 529 4203 ceat,
546 4139 656 4213 quem
682 4141 744 4216 per
765 4141 876 4192 annos
885 4116 961 4213 jam
977 4143 1086 4219 prope
1103 4117 1248 4220 triginta
1262 4118 1376 4196 vinci-
