3067 5342
419 678 489 747 ¹24
747 655 1063 730 T.L1vtr

416 844 441 877 “
460 853 511 907 tes
528 829 679 906 aliorum
692 834 706 906 l
720 834 791 907 Sed
804 832 895 932 quid
909 860 977 933 ego
993 858 1069 921 vos,
1084 835 1129 907 de
1146 830 1258 907 vestro
1269 829 1382 930 inpen-

414 962 439 995 “
457 950 562 1039 datis,
584 952 733 1025 hortor?
757 954 895 1027 Sortem
918 953 1023 1027 aliam
1047 951 1144 1027 sette.
1195 954 1252 1027 De
1278 950 1383 1051 capite

414 1082 440 1115 “
458 1070 641 1161 deducite,
665 1074 768 1171 quod
784 1070 896 1147 usuris
913 1094 1202 1171 pernumeratum
1220 1071 1287 1145 est:
1315 1072 1383 1169 jam

414 1203 439 1237 “
459 1192 572 1267 nihilo
589 1218 669 1267 mea
681 1196 798 1280 turba,
821 1219 931 1292 quam
944 1193 1064 1281 ullius,
1089 1190 1383 1289 conspes'ciorerit.

413 1324 439 1357 “
458 1317 510 1386 At
524 1310 635 1401 enim,
656 1312 748 1411 quid
760 1312 810 1387 ita
821 1312 913 1389 solus
926 1340 994 1413 ego
1007 1312 1142 1389 civium
1159 1338 1282 1387 curam
1298 1316 1384 1412 ago?

413 1442 439 1475 “
458 1432 571 1506 nihilo
588 1432 714 1532 magis,
744 1435 846 1530 quod
863 1431 1106 1531 respondeam,
1137 1434 1267 1519 habeo,
1285 1458 1385 1529 quam

413 1562 439 1597 ‘⁶
457 1556 481 1625 fi
496 1578 654 1651 quaeras,
682 1551 774 1651 quid
792 1552 840 1627 ita
856 1551 947 1626 solus
962 1551 1183 1651 Capitolium
1206 1578 1385 1650 arcemque

413 1670 674 1747 “servaverim
731 1676 780 1746 Et
809 1694 888 1747 tum
921 1670 1098 1761 universrs,
1133 1700 1244 1772 quam
1278 1670 1385 1771 potui,

413 1802 438 1835 “
457 1818 563 1891 opem
579 1792 660 1881 tuli,
683 1796 718 1866 a
736 1818 833 1867 nunc
850 1790 992 1890 fingulis
1007 1790 1129 1866 seram.
1180 1796 1278 1867 Nam
1293 1792 1385 1891 quod

411 1924 437 1957 “
453 1914 500 1987 ad
515 1910 692 1987 thesauros
708 1910 865 1986 Gallicos
882 1910 1030 1999 adtinet,
1047 1938 1136 1999 rem,
1150 1912 1273 2011 suapte
1290 1934 1384 1985 natu-

411 2042 437 2076 “
455 2058 493 2106 ra
517 2030 671 2119 facilem,
702 2030 885 2105 difficilem
912 2030 1139 2131 interrogatio
1166 2030 1263 2107 facit.
1317 2034 1386 2107 Cur

412 2161 438 2195 “
457 2149 554 2224 enim
570 2148 750 2249 quaeritis,
782 2152 883 2249 quod
898 2149 1017 2225 scitis?
1044 2178 1121 2239 cur,
1139 2156 1244 2249 quod
1260 2153 1297 2227 in
1315 2157 1383 2227 finu

413 2281 438 2313 “
456 2270 570 2343 vestro
586 2268 648 2356 est,
671 2268 792 2344 excuti
804 2270 937 2365 jubetis
955 2270 1086 2369 potius,
1110 2296 1224 2369 quam
1240 2272 1383 2371 ponatis,

411 2400 436 2433 “
455 2388 517 2462 nisi
534 2387 653 2487 aliqua
672 2386 765 2462 fraus
784 2388 929 2464 subest?
953 2395 1040 2491 Qto
1053 2389 1166 2489 magis
1181 2392 1281 2491 argui
1295 2418 1384 2491 prae·

410 2519 435 2553 “
453 2506 570 2607 stigias
578 2506 711 2604 jubetis
728 2508 867 2596 vestras,
884 2536 927 2585 eo
941 2511 1020 2608 plus
1034 2536 1167 2599 vereor,
1184 2540 1229 2586 ne
1239 2512 1380 2587 abstule-

410 2626 528 2703 “ritis
554 2627 820 2703 observantibus
846 2627 952 2703 etiam
975 2631 1109 2705 oculos.
1168 2635 1294 2731 Itaque
1315 2656 1382 2705 non

410 2761 435 2796 “
454 2776 536 2849 ego,
561 2747 664 2825 vobis
683 2769 725 2823 ut
741 2748 899 2823 indicem
914 2752 1056 2847 praedas
1078 2751 1220 2840 vestras,
1247 2750 1306 2825 sed
1326 2774 1383 2823 vos

410 2880 435 2913 “
453 2868 494 2943 id
510 2867 664 2968 cogendi
680 2866 773 2957 estis,
790 2890 832 2941 ut
846 2868 883 2942 in
897 2870 1059 2943 medium
1074 2870 1293 2968 proferatis.”

457 2991 558 3063 XVI.
592 2993 720 3088 Qum
736 2986 874 3062 mittere
889 2992 1054 3089 ambages
1071 2988 1225 3064 dislator
1234 2992 1381 3087 juberer,

409 3115 442 3183 a:
460 3128 522 3181 aut
537 3134 703 3208 peragere
718 3133 843 3182 verum
871 3106 1048 3183 indicium
1065 3130 1221 3208 cogeret,
1256 3132 1316 3185 aut
1336 3108 1381 3183 fa·

407 3226 472 3302 teri
489 3226 626 3303 facinus
643 3226 831 3300 insimulati
845 3224 929 3300 salso
946 3227 1094 3302 crimine
1106 3228 1257 3320 senatus,
1290 3230 1380 3304 obla·

407 3371 534 3444 raeque
562 3344 646 3420 vani
673 3344 759 3417 furti
790 3343 957 3433 invidae;
997 3371 1200 3447 negantem,
1244 3344 1381 3424 arbitrio

407 3464 637 3539 inimicorum
659 3463 692 3537 se
714 3466 932 3554 locuturum,
958 3466 994 3539 in
1011 3466 1155 3543 vincula
1173 3468 1261 3545 duci
1280 3470 1380 3565 jullit.

407 3586 587 3683 Adreptus
619 3610 640 3656 a
671 3582 815 3672 viatore,
843 3596 867 3628 “
896 3586 1073 3683 Jupiter,'’
1100 3587 1232 3686 inquit,
1264 3599 1290 3632 “
1317 3613 1376 3684 op-

406 3718 431 3749 “
449 3704 536 3778 time
562 3702 731 3789 maxime,
764 3704 936 3802 Junoque
956 3708 1111 3806 Regina,
1143 3736 1185 3783 ac
1202 3709 1377 3791 Minerva,

406 3837 431 3871 ‘⁴
450 3822 627 3923 ceterique
646 3822 709 3897 Dii
727 3826 912 3921 Deaeque,
936 3825 999 3923 qui
1014 3826 1234 3926 Capitolium
1251 3852 1377 3903 arcem·

404 3958 430 3990 “
448 3972 519 4044 que
533 3941 701 4032 incolitis,
730 3943 857 4019 siccine
870 3944 1024 4019 vestrum
1037 3946 1189 4022 militem
1206 3974 1246 4021 ac
1260 3946 1376 4046 praesr-

407 4066 535 4158 “dem
559 4062 666 4137 sinitis
685 4062 804 4139 vexari
828 4066 873 4140 ab
890 4063 1068 4141 inimicis?
1117 4068 1224 4143 Haec
1247 4068 1376 4149 dextra,
