3067 5342
488 723 719 797 Lnnnn
776 722 843 796 IX.
920 725 922 736 '
1106 717 1177 820 349

191 903 218 937 ⁴⁴
235 895 328 968 hanc
344 893 549 968 relicturum
565 897 742 994 populum
759 897 992 974 Romanum?
1022 895 1045 967 fi
1059 877 1179 968 incen-

193 1023 219 1056 ⁴⁴
237 1012 381 1088 surum?
411 1013 680 1112 fimagistratns,
707 1013 920 1101 fisenntum,
946 1017 968 1087 fi
987 1015 1082 1112 leges
1105 1040 1178 1088 non

194 1145 220 1176 ‘⁴
238 1132 469 1208 habiturum?
500 1136 523 1207 fi
547 1132 612 1209 sub
629 1132 771 1231 regibus
787 1131 971 1206 futurum?
1024 1133 1091 1207 Dii
1105 1159 1179 1207 me-

194 1262 219 1295 ⁴⁴
239 1252 338 1341 liora,
366 1251 504 1351 inquis!
541 1252 640 1351 atqui
654 1279 727 1326 non
741 1252 934 1351 indignitas
944 1276 1061 1326 rerum
1076 1252 1178 1351 spon·

195 1383 221 1416 ⁴⁴
239 1373 341 1448 sionis
353 1372 541 1448 vinculum
554 1374 657 1446 levat.
708 1371 743 1446 Si
762 1370 931 1468 quidest,
959 1371 996 1446 in
1021 1398 1095 1470 quo
1115 1378 1179 1449 ob·

194 1493 339 1592 “ligari
361 1495 516 1594 populus
539 1494 653 1591 poffit,
679 1491 717 1565 in
743 1491 865 1566 omnia
887 1490 1011 1589 potest.
1063 1495 1112 1567 Et
1133 1521 1178 1568 ne

194 1625 220 1656 ⁴⁴
240 1612 332 1688 illud
349 1612 512 1711 quidem,
539 1614 639 1709 quod
662 1610 836 1710 quosdam
861 1610 1000 1686 forsitan
1024 1635 1177 1702 moveat,

194 1744 222 1776 ⁴⁴
237 1731 355 1821 refert,
385 1730 520 1819 consul,
546 1759 591 1804 an
613 1732 776 1821 dictator,
807 1759 852 1806 an
875 1755 1011 1830 praetor
1029 1730 1177 1832 spopon-

194 1863 221 1897 ⁴⁴
239 1852 341 1927 derit.
392 1856 440 1926 Et
456 1854 525 1927 hoc
537 1851 596 1950 ipsi
610 1851 716 1926 etiam
732 1852 905 1927 Samnites
912 1851 1176 1950 judicaverunt,

194 1983 221 2016 ⁴⁴
238 1973 371 2072 quibus
388 1999 461 2046 non
482 1970 551 2045 fuit
568 1970 646 2046 satis
663 1970 823 2046 consules
843 1970 1025 2070 spondere,
1052 1972 1110 2048 sed
1127 1977 1175 2049 le·

195 2104 220 2137 ⁴⁴
239 2113 351 2192 gatos,
382 2091 593 2188 quaestores,
624 2091 787 2167 tribunos
816 2091 974 2167 militum
1005 2092 1175 2192 spondere

194 2224 221 2257 ⁴⁴
239 2221 444 2311 c05gerunt
495 2215 576 2285 Nec
601 2237 622 2286 a
645 2237 703 2285 me
727 2239 823 2286 nunc
841 2211 1029 2311 quisquam
1044 2219 1175 2312 quaeli-

193 2342 219 2375 ⁴⁴
237 2331 338 2420 verit,
371 2329 462 2430 quid
484 2329 533 2404 ita
563 2329 842 2429 spoponderim?
890 2358 1005 2430 quum
1039 2331 1078 2406 id
1109 2360 1175 2408 nec

193 2449 390 2526 “consulis
411 2451 472 2547 jus
504 2451 605 2537 effet3
645 2477 711 2526 nec
742 2451 811 2526 illis
841 2451 1011 2550 spondere
1035 2480 1173 2551 pacem,

195 2581 221 2614 ⁴⁴
239 2597 330 2669 quae
347 2568 419 2644 mei
440 2596 513 2644 non
536 2592 608 2644 erat
624 2569 771 2658 arbitrii,
803 2595 868 2644 nec
885 2598 949 2669 pro
967 2572 1083 2660 vobis,
1110 2573 1174 2672 qui

195 2700 221 2735 ‘⁴
240 2689 330 2764 nihil
351 2689 619 2777 mandaveratis,
648 2693 793 2789 poffem.
843 2689 947 2764 Nihil
970 2693 1016 2766 ad
1040 2691 1174 2767 Caudi-

195 2820 221 2854 ⁴⁴
238 2837 317 2898 um,
341 2813 458 2884 Patres
475 2807 675 2908 conscripti,
693 2809 858 2885 humanis
875 2811 1024 2886 confiliis
1037 2810 1175 2909 gestum

194 2939 219 2976 ⁴⁴
238 2929 298 3003 est
351 2927 414 3003 Dii
429 2928 632 3004 inmortales
645 2933 679 3004 δι
692 2930 861 3006 vestris&
882 2931 1036 3006 hostium
1062 2930 1173 3028 impe-

194 3061 220 3097 ⁴⁴
239 3048 411 3138 ¹tatoribus
423 3071 580 3124 mentem
597 3051 816 3124 ademerunt.
867 3055 946 3125 Nec
968 3078 1031 3124 nos
1048 3049 1084 3123 in
1100 3052 1174 3125 bel·

195 3181 220 3214 ⁴⁴
238 3173 275 3243 lo
295 3167 374 3243 satis
392 3169 574 3256 cavimus3
601 3169 701 3244 &illi
725 3171 815 3243 male
838 3191 972 3268 partam
989 3169 1173 3243 vidoriam

197 3300 222 3333 ⁴⁴
240 3291 331 3364 maie
354 3288 598 3386 perdiderunt,
625 3290 714 3363 dum
739 3289 801 3362 vix
830 3289 931 3376 locis,
965 3288 1098 3386 quibus
1121 3289 1173 3362 vi-

195 3418 220 3455 ⁴⁴
239 3430 370 3497 cecant,
395 3410 560 3496 credunt,
587 3409 676 3482 dum
707 3434 935 3506 quacumque
966 3407 1172 3484 conditione

195 3539 220 3572 ⁴⁴
238 3555 334 3602 arma
347 3527 431 3603 viris
446 3527 484 3601 in
500 3554 596 3602 arma
617 3527 704 3602 natis
721 3527 853 3602 auferre
875 3525 1047 3603 festinant.
1098 3535 1172 3617 An,

195 3659 221 3692 ⁴⁴
238 3651 262 3721 fi
277 3647 358 3722 sana
380 3674 481 3721 mens
495 3646 624 3735 fuiss'et‚
650 3645 794 3721 difficile
814 3645 882 3721 illis
902 3645 984 3736 suit,
1010 3649 1099 3722 dum
1122 3647 1171 3722 se-

194 3778 300 3842 “nes
324 3771 369 3843 ab
388 3769 498 3842 domo
520 3768 565 3841 ad
588 3764 861 3841 consultandum
878 3769 1062 3853 arceffunt,
1089 3765 1171 3840 mit-

188 3898 220 3962 <⁴⁴
238 3908 310 3962 tere
334 3888 659 3985 Romam-legatos?
687 3911 772 3960 cum
789 3884 922 3974 senatu,
948 3912 1033 3961 cum
1056 3912 1172 3984 popu-

195 4017 221 4050 ⁴⁴
239 4009 288 4096 10,
315 4007 361 4081 de
378 4033 464 4105 pace
481 4033 521 4080 ac
542 4004 682 4081 foedere
699 4007 824 4104 agere?
875 4005 1006 4080 Tridui
1031 4007 1096 4082 iter
1111 4034 1171 4082 ex-

195 4138 221 4170 ⁴⁴
239 4126 368 4226 peditis
383 4147 465 4201 erat.
515 4128 650 4200 Interea
662 4123 699 4199 in
718 4123 873 4200 induciis
885 4151 937 4202 res
951 4125 1080 4217 fuisset,
1106 4130 1170 4203 do·
