3067 5342
410 763 478 860 258
738 759 1050 832 T.Ltvrt

410 928 564 1004 hostium
581 927 691 1026 usque
713 931 758 1004 ad
777 955 875 1003 oram
897 926 1109 1002 maritimam
1127 924 1177 1000 est
1193 925 1382 1022 depopula-

412 1070 480 1122 tus.
531 1047 644 1122 Alteri
671 1046 805 1122 consuli
832 1045 1003 1133 Aemilio,
1029 1045 1177 1144 ingreffo
1206 1045 1382 1119 Sabellum

411 1193 550 1266 agrurn,
582 1192 654 1241 non
681 1165 789 1240 castra
807 1164 1031 1254 Samnitium,
1061 1191 1134 1239 non
1155 1164 1312 1264 legiones
1331 1163 1384 1236 uf-

416 1315 523 1386 quam
551 1289 737 1384 obpositae.
786 1289 895 1360 Ferro
915 1285 1064 1384 ignique
1082 1283 1275 1358 vastantem
1289 1309 1386 1383 agros

413 1406 517 1506 legati
540 1403 752 1482 Samnitium
782 1431 905 1502 pacem
933 1426 1067 1480 orantes
1092 1405 1239 1491 adeunt,
1264 1429 1287 1476 a
1313 1429 1384 1502 quo
1512 1457 1520 1475 .

412 1525 528 1623 rejedli
546 1528 590 1599 ad
608 1524 779 1613 senatum,
804 1523 969 1622 potestate
986 1522 1075 1598 facia
1090 1521 1248 1610 dicendi,
1273 1523 1385 1620 posrtis

413 1643 589 1720 ferocibus
617 1643 756 1730 animis,
791 1669 914 1741 pacem
941 1641 1002 1718 srbi
1028 1645 1074 1717 ab
1103 1641 1291 1731 Romanis,
1315 1646 1386 1718 bel-

414 1765 512 1862 lique
523 1764 583 1860 jus
598 1762 759 1836 adversus
772 1761 949 1838 Sidicinos
961 1761 1146 1861 petierunt
1197 1774 1222 1806 “
1240 1769 1344 1865 Qrae
1355 1764 1387 1838 se

416 1894 441 1940 4‘
461 1883 641 1980 eojullius
659 1903 788 1980 petere,
814 1884 915 1978 quod
937 1887 971 1954 ἃ
995 1879 1033 1955 in
1055 1880 1250 1957 amicitiam
1265 1881 1388 1981 populi

416 2000 618 2077 “Romani
640 1999 803 2074 secundis
824 2000 893 2075 suis
918 2002 1034 2088 rebus,
1065 2027 1139 2076 uon
1159 2004 1320 2091 adrerfis,
1349 2023 1390 2078 ut

417 2133 441 2188 .“
459 2120 644 2220 Campani,
671 2119 855 2194 venillent:
882 2124 916 2192 dr
942 2119 1105 2194 adversus
1130 2121 1307 2196 Sidicinos
1335 2120 1388 2194 su·

417 2252 443 2306 .“
460 2261 594 2314 merent
617 2265 723 2327 arma,
750 2238 830 2315 suos
852 2236 986 2335 semper
1010 2239 1138 2327 hostes,
1163 2240 1289 2338 populi
1315 2243 1388 2314 Ro·

417 2370 442 2422 ·“
461 2359 556 2434 mani
586 2383 784 2456 numquam
814 2357 958 2433 amicos.
1007 2357 1083 2458 Qri
1112 2383 1192 2448 nec,
1224 2380 1267 2434 ut
1294 2363 1390 2434 Satu-

418 2489 444 2523 “
463 2476 565 2564 nites,
601 2476 639 2551 in
670 2485 755 2575 pace
788 2476 995 2565 amicitiam,
1030 2503 1109 2564 nec,
1137 2499 1179 2552 ut
1204 2479 1390 2576 Campani,

417 2595 634 2672 “auxilium
652 2595 687 2669 in
711 2597 805 2672 bello
827 2595 999 2694 petiffent,
1023 2622 1088 2670 nec
1114 2594 1153 2670 in
1175 2597 1246 2670 fide
1267 2598 1391 2696 populi

418 2729 443 2762 “
461 2715 632 2803 Romani,
658 2741 724 2790 nec
741 2714 779 2789 in
794 2714 929 2789 ditione
946 2717 1087 2788 ellent.''

466 2840 511 2912 11.
537 2843 664 2938 Qrum
685 2837 729 2909 de
751 2835 932 2933 postulatis
953 2835 1168 2911 Samnitium
1191 2835 1252 2912 Ti.
1270 2837 1392 2913 Aemi-

417 2957 485 3032 lius
507 2976 643 3055 praetor
665 2954 821 3030 senatum
839 2953 1075 3044 consuluisset,
1096 2957 1392 3054 reddendumque

418 3077 472 3152 his
492 3074 616 3151 foedus
639 3079 755 3150 Patres
779 3073 998 3163 censuiffent,
1022 3099 1158 3175 praetor
1178 3075 1396 3152 Samnitibus

418 3193 612 3294 respondit:
646 3205 670 3238 “
689 3198 783 3282 Nec,
812 3221 886 3294 quo
908 3195 1028 3270 minus
1051 3217 1222 3294 perpetua
1239 3223 1325 3272 curn
1347 3197 1398 3272 eis

421 3328 445 3378 §⁶
463 3295 619 3390 amicitia
634 3315 729 3401 estet,
758 3340 820 3412 per
835 3317 1011 3412 populum
1029 3317 1238 3392 Romanum
1254 3315 1396 3392 stetilse:

421 3445 446 3479 “
465 3461 530 3509 nec
573 3431 780 3521 contradici,
828 3432 931 3531 quin,
976 3434 1148 3531 quoniam
1185 3434 1276 3535 ipsos
1314 3437 1400 3512 belli

422 3563 446 3598 ‘⁸
465 3555 569 3653 culpa
597 3551 658 3627 sua
687 3552 854 3627 contradi
881 3553 1040 3627 taedium
1067 3555 1213 3653 ceperit,
1243 3555 1402 3633 amicitia

422 3683 447 3717 “
466 3672 511 3746 de
541 3669 677 3772 integro
701 3671 958 3748 reconcilietur.
1007 3677 1121 3774 Qrod
1149 3678 1195 3751 ad
1220 3675 1400 3753 Sidicinos

420 3802 446 3838 “
464 3790 630 3878 adtineat,
662 3789 753 3864 nihil
783 3790 966 3881 intercedi,
1000 3818 1075 3893 quo
1102 3795 1222 3870 minus
1249 3795 1401 3871 Samniti

422 3912 601 4009 “populo
627 3908 722 4009 pacis
748 3910 906 4008 bellique
932 3911 1087 3989 liberum
1113 3915 1302 3991 arbitrium
1327 3919 1401 3990 fit.”

421 4032 578 4106 Foedere
615 4028 699 4118 icto,
742 4054 858 4127 quum
890 4031 1043 4106 domum
1078 4034 1304 4123 revertiffent‚
1340 4061 1401 4110 ex·

421 4151 556 4248 ternplo
572 4148 657 4223 inde
674 4146 848 4226 exercitus
864 4152 1050 4230 Romanus
1069 4153 1259 4244 deductus,
1279 4180 1399 4230 annuo
