3067 5342
346 605 416 697 248
675 601 990 676 T.Lrvrr

345 796 420 864 aut,
449 773 515 850 ubi
541 773 720 863 restitaret,
752 761 920 864 mortem,
950 775 988 850 ni
1018 775 1230 874 sequeretur,
1264 775 1330 848 de-

348 895 570 982 nunciantes,
610 895 648 969 in
680 895 789 970 castra
822 915 1073 993 pertraxerunt.
1133 897 1332 990 Imperator

348 1017 526 1113 extemplo
552 1013 743 1092 adveniens
767 1016 982 1113 adpellatusr
1016 1013 1234 1114 insigniaque
1263 1016 1330 1086 ho·

350 1133 444 1214 noris
466 1127 634 1210 exterrito'
653 1133 788 1212 subitae
813 1135 862 1208 rei
887 1133 1058 1210 miraculo
1084 1133 1262 1220 deferunt,
1292 1137 1329 1206 δι

348 1256 395 1330 ad
412 1257 538 1330 urbem
554 1255 685 1328 ducere
700 1255 842 1349 jubent
891 1257 964 1328 Suo
986 1251 1098 1353 magis
1120 1251 1205 1328 inde
1228 1253 1328 1352 inpe-

349 1395 404 1462 tu,
431 1399 540 1472 quam
563 1372 706 1450 confilio
728 1373 844 1460 ducis,
872 1375 1044 1448 convulsis
1061 1373 1177 1472 signis,
1201 1373 1327 1450 insesto

349 1493 492 1594 agmine
524 1495 570 1572 ad
596 1493 753 1590 lapidem
783 1495 950 1567 octavum
978 1491 1069 1582 viae,
1109 1519 1200 1592 quae
1231 1521 1327 1568 nunc

351 1615 472 1713 Appia
500 1613 564 1702 est,
596 1611 826 1712 perveniunt:
866 1611 1037 1710 issentque
1067 1613 1253 1688 confestim
1281 1615 1328 1688 ad

349 1739 489 1822 urbem,
515 1733 553 1809 ni
570 1732 689 1823 venite
703 1755 825 1808 contra
837 1732 1032 1806 exercitum
1047 1729 1326 1833 dislatoremque

349 1852 512 1930 adversus
533 1853 567 1928 se
590 1855 648 1928 M.
667 1851 847 1926 Valetium
869 1853 1028 1927 Corvum
1050 1851 1189 1928 dietum
1211 1853 1325 1928 audis·

349 1974 437 2063 sent,
467 1978 502 2048 δι
528 1971 734 2072 magistrum
755 1971 918 2070 equitum
945 1975 1002 2048 L..
1019 1971 1219 2050 Aemilium
1247 1977 1327 2051 Ma·

349 2094 561 2170 mercinum.

399 2217 482 2290 XL„
508 2211 588 2289 Ubi
605 2211 761 2310 primum
786 2211 823 2285 in
846 2210 1074 2309 conspertum
1095 2235 1243 2288 ventum
1265 2215 1325 2304 est,

349 2359 447 2407 arma
469 2335 634 2432 signaque
650 2357 823 2432 agnovere
837 2365 847 2418 ς
875 2335 1055 2429 extemplo
1071 2333 1240 2409 omnibus
1255 2362 1326 2410 me-

349 2451 463 2528 moria
480 2449 610 2548 patriae
628 2450 692 2526 iras
708 2453 897 2550 permulsit.
947 2455 1125 2528 Nondum
1143 2477 1241 2530 erant
1257 2479 1326 2532 tam

350 2571 456 2654 fortes
485 2573 531 2647 ad
559 2570 766 2670 sanguinem
796 2569 951 2660 civilem,
985 2599 1064 2662 nec,
1101 2595 1235 2672 praeter
1267 2602 1325 2652 ex-

351 2713 461 2782 terna,
491 2713 660 2769 noverant
685 2693 797 2772 bellat
830 2691 1028 2790 ultimaque
1055 2693 1165 2770 rabies
1191 2693 1325 2770 seeeffio

350 2815 396 2888 ab
415 2811 486 2886 suis
507 2814 712 2888 habebatur.
761 2812 885 2910 Itaque
903 2813 978 2909 jam
1002 2815 1125 2903 duces,
1145 2815 1218 2910 jam
1233 2813 1324 2890 mili·

350 2951 402 3006 tes
423 2929 618 3031 utrimque,
650 2933 849 3030 congressus
872 2957 1037 3030 quaerere
1060 2935 1106 3010 td
1125 2934 1325 3035 conloquia,

350 3050 557 3154 Qinstius,
584 3077 694 3151 quem
709 3075 888 3126 armorum
902 3051 1008 3128 etiarn
1026 3079 1089 3152 pto
1104 3054 1215 3152 patria
1230 3055 1325 3130 satie·

350 3192 402 3246 tas
430 3193 574 3261 teneret,
613 3174 748 3246 nedum
777 3171 939 3248 adversus
964 3173 1137 3273 patriam3
1177 3177 1326 3264 Corvus,

351 3319 475 3368 omnes
496 3293 637 3371 caritate
663 3291 771 3381 cives,
800 3292 987 3392 praecipue
1014 3294 1157 3383 milites,
1187 3299 1222 3375 δε
1248 3315 1328 3372 ante

348 3409 435 3488 alios
457 3412 560 3490 suum
580 3411 792 3501 exercitum,
824 3416 1044 3512 complexus,
1072 3416 1120 3490 ad
1140 3414 1327 3514 conloqui-

348 3558 415 3608 um
429 3535 598 3631 proceffrt.
647 3531 804 3633 Cognito
826 3532 859 3607 ei
886 3536 1066 3631 extemplo
1091 3536 1189 3611 haud
1210 3537 1327 3612 minor

347 3655 394 3728 ab
410 3650 609 3728 adversariis
623 3651 848 3740 verecundia,
872 3679 981 3752 quam
996 3657 1041 3736 ab
1055 3653 1124 3738 suis
1137 3655 1325 3745 filentium,

349 3775 496 3850 datttm:
524 3783 549 3817 “
569 3774 702 3861 Deor,’'
731 3771 865 3871 inquit,
893 3783 917 3816 “
935 3772 1150 3864 inmortales,
1184 3774 1326 3866 milites,

348 3907 375 3940 “
392 3894 520 3969 vestros
536 3892 712 3993 publicos,
734 3891 918 3990 meosque,
940 3897 985 3970 ab
1002 3899 1090 3972 urbe
1105 3896 1327 3995 proficiscens

349 4024 375 4059 “
393 4013 442 4091 ita
473 4012 628 4102 adoravi,
664 4012 876 4112 veniamque
906 4014 1052 4114 supplex
1084 4015 1242 4117 poposci,
1284 4037 1326 4091 ut
