3067 5342
391 679 438 748 42
739 653 1054 727 T.L1vtr

393 831 478 903 urbs
501 825 661 902 hostibus
691 826 860 927 inpletur,
891 827 1061 904 omnibus
1077 828 1165 902 locis
1181 849 1378 928 pugnatur.

395 947 552 1037 Deinde,
581 950 694 1022 multa
709 949 785 1044 jam
802 948 899 1023 edita
921 951 1043 1038 caede,
1070 946 1215 1024 senescit
1230 975 1378 1048 pugnat

393 1074 428 1144 δι
449 1068 599 1144 dictator
615 1095 806 1166 praecones
822 1069 960 1145 edicere
978 1071 1097 1167 jubet,
1121 1091 1165 1144 ut
1186 1073 1232 1146 ab
1250 1070 1382 1146 inermi

393 1190 618 1266 abstineatur.
669 1192 701 1262 Is
724 1189 805 1264 finis
831 1188 1011 1290 sanguinis
1040 1189 1121 1264 fuit.
1172 1184 1270 1265 De'di
1292 1191 1382 1266 inde

394 1310 545 1385 inermes
570 1309 709 1408 coepti:
746 1313 782 1383 &
808 1313 856 1384 ad
881 1313 1049 1410 praedam
1079 1310 1181 1385 miles
1210 1313 1380 1409 permiffu

393 1430 573 1506 dictatoris
590 1428 764 1504 discurrit.
815 1438 919 1532 Qrae
936 1457 1053 1530 quum
1070 1455 1150 1507 ante
1163 1434 1288 1507 oculos
1303 1434 1382 1530 ejus

393 1551 619 1650 aliquantum
637 1549 695 1649 spe
712 1572 820 1649 atque
837 1549 1007 1648 opinione
1025 1553 1148 1650 major,
1168 1550 1382 1651 majorisque

393 1671 497 1770 pretii
511 1698 629 1746 rerum
642 1672 801 1760 ferretur,
813 1670 947 1745 dicitur
959 1698 1086 1746 manus
1095 1675 1142 1746 ad
1155 1674 1298 1747 coelum
1312 1676 1382 1748 tol-

395 1795 469 1867 lens
479 1813 639 1892 precatus
648 1795 715 1866 effe
728 1823 751 1865 :-
769 1803 794 1836 “
812 1813 866 1880 ut,
885 1792 982 1866 ficui
996 1793 1160 1867 Deorum
1170 1793 1381 1868 hominum-

394 1925 420 1959 “
438 1940 510 2014 que
521 1913 632 1987 nimia
642 1911 703 1986 sua
712 1911 854 1986 fortuna
863 1911 1061 2010 populique
1072 1912 1230 1988 Romani
1242 1914 1380 1989 videre-

394 2046 419 2080 “
439 2057 510 2121 tur,
537 2054 578 2107 ut
592 2031 863 2108 eaminvidiam
880 2031 1003 2121 lenire,
1021 2059 1131 2132 quam
1147 2033 1301 2108 minimo
1316 2033 1383 2110 suo

394 2153 575 2253 “privato
599 2153 833 2227 incommodo
858 2151 1090 2252 publicoque,
1137 2156 1275 2252 populo
1300 2156 1380 2229 Ro·

395 2287 420 2320 “
439 2301 546 2348 mano
561 2273 715 2348 liceret.''
732 2275 1008 2348 Convertentem
1021 2272 1055 2347 se
1066 2272 1158 2348 inter
1167 2274 1259 2349 hanc
1272 2301 1381 2349 vene-

395 2393 581 2482 rationem,
601 2393 751 2467 traditur
763 2393 968 2481 memoriae,
986 2392 1379 2493 prolapsumcecidilse:

394 2515 505 2613 idque
530 2540 637 2588 omen
659 2513 862 2612 pertinuisse
886 2515 1007 2612 postea
1028 2537 1157 2590 eventu
1188 2542 1264 2590 rem
1288 2544 1380 2591 con-

386 2634 602 2732 jedlantibus
617 2633 732 2708 visum
749 2635 796 2707 ad
812 2635 1078 2710 damnationem
1095 2635 1200 2733 ipsius
1220 2637 1379 2728 Camilli,

394 2777 516 2853 captae
530 2753 661 2828 deinde
673 2753 773 2828 urbis
779 2756 978 2844 Romanae,
991 2758 1094 2853 quod
1100 2757 1316 2855 postpaucos
1322 2787 1379 2834 ac-

394 2874 484 2949 cidit
493 2900 616 2962 annos,
635 2875 785 2948 cladem.
803 2880 927 2974 Atque
940 2875 999 2950 ille
1009 2875 1085 2950 dies
1099 2879 1205 2953 caede
1223 2879 1381 2956 hostium

391 3021 431 3070 ac
449 2994 647 3092 direptione
661 2994 760 3070 urbis
774 2995 1052 3094 opulentiffimae
1067 2999 1117 3072 est
1133 2999 1353 3076 consumtus.

444 3117 566 3190 XXII.
597 3115 740 3189 Postero
763 3115 823 3190 die
845 3114 955 3190 libera
976 3144 1125 3215 corpora
1145 3119 1296 3195 didator
1314 3121 1381 3198 sub

396 3261 525 3312 corona
547 3236 723 3310 vendidit.
788 3240 841 3310 Ea
861 3236 932 3310 sola
954 3239 1108 3335 pecunia
1129 3239 1167 3313 in
1189 3240 1380 3339 publicum

394 3357 582 3456 redigitur,
598 3359 695 3430 haud
713 3360 782 3430 fine
799 3356 849 3430 ira
864 3357 987 3455 plebis.
1039 3363 1088 3433 Et
1110 3363 1211 3458 quod
1229 3364 1380 3437 retulere

394 3477 514 3552 secum
531 3478 692 3574 praedae,
711 3503 776 3550 nec
795 3477 893 3565 duci,
909 3479 973 3578 qui
988 3481 1035 3554 ad
1051 3480 1224 3569 senatum,
1251 3483 1379 3584 malig-

395 3597 514 3673 nitatis
536 3601 695 3672 aullores
716 3602 932 3694 quaerendo,
966 3627 1041 3674 rem
1063 3601 1198 3675 arbitrii
1220 3601 1272 3676 sui
1295 3607 1382 3701 reje-

396 3720 515 3806 cisset;
541 3745 605 3792 nec
624 3716 771 3808 senatui,
796 3718 857 3794 sed
872 3719 1036 3796 Liciniae
1052 3720 1220 3811 familiae,
1243 3749 1289 3796 ex
1306 3749 1382 3821 qua

395 3841 489 3915 silius
512 3841 558 3912 ad
580 3837 738 3914 senatum
759 3840 938 3929 retulisset,
973 3865 1071 3939 pater
1098 3865 1170 3918 tam
1197 3844 1381 3942 popularis

396 3960 585 4035 sententiae
618 3961 741 4034 auctor
773 3959 903 4049 fuisset,
949 3984 1137 4061 acceptum
1171 3964 1380 4039 referebant.

394 4088 523 4183 Qum
541 4082 616 4178 jam
637 4083 812 4157 humanae
836 4107 920 4183 opes
943 4083 1078 4182 egestae
1100 4110 1122 4157 a
1143 4084 1240 4182 Vejis
1255 4087 1378 4173 essent,
