3067 5342
439 744 505 817 132
784 722 1096 797 T.L1v11

436 912 512 963 rem
542 887 697 966 invenio.
763 898 844 971 Nec
876 894 1005 971 dubito
1036 894 1134 969 haud
1167 916 1272 993 parva
1303 887 1406 972 fuille,

436 1033 552 1105 quum
568 1011 762 1087 damnandi
777 1041 876 1089 mora
893 1016 990 1114 plebi
1008 1042 1080 1091 non
1094 1014 1133 1089 in
1151 1014 1279 1099 cauffa,
1304 1010 1359 1084 led
1376 1008 1408 1081 in

435 1130 529 1218 loco,
555 1128 672 1206 fuerit.
722 1135 818 1209 Illud
844 1138 1042 1210 notandum
1065 1135 1222 1221 videtur,
1249 1152 1290 1205 ut
1311 1129 1410 1205 sciant

436 1249 612 1340 homines,
646 1280 737 1351 quae
761 1258 794 1329 δι
823 1278 954 1353 quanta
976 1258 1105 1331 decora
1120 1252 1229 1329 foeda
1245 1248 1409 1349 cupiditas

436 1369 536 1469 tegni
551 1398 625 1446 non
642 1372 777 1471 ingrata
796 1373 923 1462 solum,
948 1374 1008 1450 sed
1030 1372 1138 1449 invisa
1153 1372 1275 1459 etiam,
1301 1366 1409 1443 reddi·

321 1596 324 1604 Δ
436 1490 538 1565 derit.
588 1492 769 1568 Homines
793 1520 900 1593 prope
923 1494 1203 1594 quadringentos
1220 1486 1409 1592 produxisse

436 1610 581 1700 dicitur,
621 1612 753 1712 quibus
782 1618 850 1689 fine
880 1612 1021 1689 foenore
1054 1614 1224 1713 expensas
1254 1606 1410 1711 pecunias

436 1730 578 1821 tuliffet,
605 1759 760 1832 quorum
776 1738 870 1809 bona
884 1734 1015 1823 venire,
1047 1760 1138 1834 quos
1152 1734 1242 1810 duci
1259 1730 1409 1807 additus

436 1852 679 1949 prohibuiffet.
729 1856 792 1929 Ad
810 1857 908 1943 haec,
937 1858 1063 1930 decora
1080 1882 1229 1955 quoque
1248 1850 1330 1927 belli
1346 1873 1409 1923 non

437 1976 724 2049 commemoraffe
744 1996 897 2064 tantum,
923 1974 983 2050 sed
1006 1975 1187 2072 protulille
1210 1974 1318 2049 etiam
1334 1994 1409 2045 con-

437 2090 634 2191 spicienda3
664 2093 772 2192 spolia
797 2095 952 2170 hostium
985 2094 1165 2171 caesorum
1189 2096 1236 2169 ad
1264 2090 1407 2191 triginta,

436 2214 532 2287 dona
548 2212 796 2311 imperatorum
814 2218 860 2289 ad
877 2215 1124 2316 quadraginta:
1157 2214 1344 2315 inquibus
1363 2210 1408 2285 in·

437 2338 548 2432 fignes
580 2336 668 2408 duas
696 2338 847 2410 murales
875 2360 1032 2425 coronas,
1058 2334 1189 2411 civicas
1215 2314 1317 2409 odio.¹
1355 2326 1408 2403 Ad

438 2456 524 2529 haec
547 2452 694 2531 servatos
719 2482 764 2529 ex
782 2455 940 2531 hostibus
963 2456 1057 2531 cives
1073 2456 1297 2556 produxille5
1329 2450 1408 2523 inter

438 2600 529 2673 quos
547 2577 589 2650 C.
607 2574 795 2651 Servilium
823 2576 1029 2675 magistrum
1051 2576 1220 2675 equitum
1242 2573 1408 2651 absentem
1504 2654 1505 2672 χ

438 2696 674 2771 nominatum.
724 2700 773 2770 Et
798 2723 912 2795 quum
941 2723 981 2770 ea
1009 2724 1168 2797 quoque,
1205 2724 1295 2797 quae
1325 2690 1407 2769 bello
1503 2744 1504 2754 t

438 2818 534 2917 gesta
559 2820 680 2906 effent,
719 2844 782 2916 pro
810 2817 947 2916 fastigio
980 2844 1096 2893 terum
1123 2819 1281 2893 oratione
1313 2812 1406 2888 etiam
1501 2828 1503 2920 J

439 2939 642 3039 magnifica,
684 2938 774 3013 facia
808 2936 912 3012 dictis
942 2939 1141 3035 aequando,
1187 2933 1405 3014 memorasset,
1500 2994 1501 3003 η

440 3062 583 3135 nudaffe
600 3062 723 3157 pedus
740 3058 872 3159 infigne
889 3058 1113 3135 cicatricibus
1131 3062 1228 3135 bello
1244 3048 1405 3151 acceptist
1499 3054 1500 3084 ¹

441 3186 475 3255 δι
493 3180 718 3268 idemtidem,
752 3178 969 3277 Capitolium
993 3179 1161 3277 spedlans‚
1192 3183 1321 3275 Jovem
1344 3172 1407 3246 De·

440 3300 549 3399 osque
564 3300 649 3373 alios
666 3301 847 3373 devocall'e
860 3301 905 3373 ad
918 3298 1094 3375 auxilium
1107 3298 1328 3375 fortunatum
1343 3288 1406 3365 sua·

441 3446 542 3494 rum:
578 3419 805 3518 precatusque
835 3421 915 3508 effe,
950 3440 1004 3507 ut,
1031 3445 1140 3518 quam
1173 3442 1329 3497 mentem
1352 3404 1405 3485 srbl

441 3538 678 3637 Capitolinam
696 3565 811 3614 arcem
832 3540 1030 3639 protegenti
1055 3540 1267 3617 adsalutem
1295 3522 1406 3635 populi

441 3660 598 3735 Romani
621 3659 808 3748 dediffent,
837 3686 915 3733 eam
941 3662 1074 3759 populo
1101 3664 1270 3735 Romano
1296 3656 1331 3729 in
1352 3646 1405 3723 luo

440 3780 644 3857 discrimine
661 3783 799 3855 darent:
825 3784 858 3853 δι
876 3782 982 3855 oralse
996 3771 1404 3879 fingulosuniversosquu

441 3925 483 3978 ut
497 3900 717 4001 Capitolium
729 3922 836 3999 atque
853 3925 968 3975 arcem
984 3900 1174 3991 intuentes,
1202 3927 1245 3977 ut
1260 3898 1303 3973 ad
1320 3895 1404 3969 Deos

441 4025 643 4099 inmortales
676 4024 773 4110 νεώ,
810 4022 856 4096 de
887 4020 920 4097 se
943 4022 1156 4117 judicarent.
1209 4025 1253 4097 In
1282 4020 1403 4105 eampo

441 4142 576 4221 Mattio
601 4169 717 4242 quum
748 4141 973 4218 centuriatim
998 4143 1151 4241 populus
1180 4141 1348 4221 citaretur,
1373 4130 1403 4199 ἃ
