3067 5342
398 745 470 848 356
723 741 1042 816 T.Lrv11

403 936 563 986 nemora
589 909 627 986 in
646 909 819 986 concursu
845 911 925 1011 pilis
943 909 1146 988 emittendis
1162 903 1371 1006 stringendis-

405 1055 478 1128 que
494 1028 578 1104 inde
590 1029 717 1131 gladiis
733 1033 830 1118 effet,
846 1031 931 1130 pila,
945 1033 1043 1106 velut
1059 1031 1141 1106 dato
1158 1030 1205 1106 ad
1221 1027 1259 1102 id
1275 1029 1373 1126 figno,

402 1148 587 1246 abjiciunt,
617 1148 811 1248 stridiisque
837 1149 963 1250 gladiis
980 1149 1082 1227 cursu
1115 1149 1152 1224 in
1182 1143 1348 1224 hosteml
1362 1191 1374 1206 ·

404 1289 542 1343 runtur.
591 1269 696 1344 Nihil
726 1269 801 1344 illic
827 1268 1070 1368 imperatoriae
1096 1267 1177 1344 artis
1203 1266 1376 1342 ordinibus

404 1408 468 1461 aut
499 1386 658 1463 subsidiis
690 1387 850 1463 locandis
878 1387 980 1464 fuits'
1000 1388 1121 1464 omnia
1151 1387 1202 1463 ira
1231 1383 1378 1462 militaris

404 1532 515 1606 prope
532 1507 659 1582 vesano
676 1508 799 1606 inpetu
818 1507 902 1608 egit.
953 1510 1077 1606 ltaque
1101 1534 1176 1582 non
1199 1507 1262 1582 fusr
1279 1505 1378 1580 modo

404 1625 520 1700 hostes
536 1625 634 1713 sunt,
669 1625 743 1716 sed,
771 1654 815 1700 ne
842 1627 958 1702 castris
991 1627 1139 1728 quidem
1169 1624 1238 1702 suis
1266 1625 1377 1723 fugam

405 1743 564 1843 inpedire
593 1747 676 1834 aufi,
711 1745 883 1845 Apuliam
914 1745 1063 1845 dillipati
1095 1747 1244 1846 petiere:
1270 1747 1377 1820 Luce-

406 1863 494 1938 riam
510 1883 644 1953 tamen,
667 1868 791 1939 condio
809 1864 923 1940 rursus
950 1865 988 1939 in
1012 1892 1129 1942 unum
1156 1865 1309 1966 agmine,
1336 1859 1379 1936 est

406 2007 630 2084 perventum.
680 1985 866 2059 Romanos
883 1983 1086 2075 iraeadem,
1116 2011 1211 2084 quae
1239 2011 1298 2084 per
1313 2009 1378 2056 me·

407 2101 506 2180 diam
523 2101 638 2178 aciem
653 2101 810 2177 hostium
826 2105 965 2192 tulerat,
989 2108 1023 2180 ὅτ
1050 2105 1088 2179 in
1112 2105 1222 2180 castra
1237 2099 1378 2203 pertulit.
1501 2139 1502 2142 ¹

405 2221 462 2298 lbi
478 2225 572 2321 plus,
598 2247 707 2318 quam
724 2220 762 2295 in
779 2221 867 2312 acie,
900 2223 1077 2323 sanguinis
1104 2251 1146 2300 ac
1175 2224 1292 2300 caedis
1315 2221 1378 2297 fac-

405 2361 498 2428 tum,
526 2340 745 2438 praedaeque
771 2367 850 2438 pars
879 2344 989 2440 major
1008 2343 1058 2418 ira
1082 2367 1268 2445 conrupta.
1315 2347 1379 2418 Ex·

405 2457 535 2534 ercitus
549 2461 635 2534 alter
651 2485 736 2535 cum
753 2460 895 2558 Papirio
912 2460 1054 2538 consule
1087 2465 1177 2540 locis
1208 2461 1379 2540 maritimis

403 2602 607 2678 pervenerat
632 2584 750 2677 Arpos
778 2606 839 2678 per
870 2581 991 2656 omnia
1014 2603 1149 2680 pacata,
1178 2581 1379 2660 Samnitium

405 2698 519 2799 magis
546 2697 681 2797 injuriis
710 2705 745 2774 ἃ
776 2699 875 2789 odiu,
905 2726 1014 2799 quam
1032 2703 1210 2778 beneficio
1225 2706 1298 2778 ullo
1324 2727 1379 2799 po-

406 2820 484 2919 puli
508 2820 678 2894 Romani.
727 2821 825 2893 Nam
840 2819 1026 2911 Samnites,
1058 2847 1099 2896 ea
1124 2821 1324 2920 tempestate
1347 2817 1379 2892 in

406 2938 591 3014 montibus
606 2937 753 3014 vicatim
770 2937 980 3028 habitantes,
999 2941 1206 3038 campestria
1231 2949 1265 3018 δι
1287 2937 1380 3015 mari·

407 3057 496 3133 tima
509 3059 599 3146 loca,
627 3079 809 3132 contemto
827 3059 1005 3134 cultorum
1026 3061 1189 3136 molliore
1209 3082 1325 3159 atque,
1345 3077 1381 3129 ut

250 3275 254 3281 ¹
408 3175 526 3252 evenit
558 3175 642 3265 fere,
675 3175 763 3250 locis
780 3175 880 3249 simili
897 3201 1037 3275 genere,
1064 3179 1125 3277 ipsr
1156 3178 1315 3256 montani
1337 3197 1380 3250 at·

408 3323 480 3394 que
496 3294 644 3394 agrestes
660 3296 977 3393 depopulabantur.
1026 3303 1130 3400 Qae
1147 3301 1247 3401 regio
1275 3303 1297 3374 fi
1320 3297 1381 3372 fida

407 3413 625 3490 Samnitibus
652 3413 781 3503 firiffet,
807 3436 869 3489 aut
897 3416 1077 3514 pervenire
1111 3424 1230 3517 Arpos
1260 3412 1381 3494 exerci-

407 3554 469 3616 tus,
481 3535 670 3608 Romanus
695 3533 881 3631 nequiffet,
905 3556 967 3609 aut
993 3535 1170 3633 interjeda
1196 3539 1288 3612 inter
1311 3539 1380 3610 Ro·

407 3679 503 3729 mam
520 3657 555 3727 δι
573 3657 704 3750 Arpos,
733 3651 881 3749 penurils
897 3679 1014 3730 rerum
1032 3656 1212 3746 omnium,
1231 3651 1379 3732 exclusos

407 3801 430 3848 a
457 3770 717 3850 commeatibus
745 3768 967 3848 absumsrffet.
1017 3777 1118 3851 Tum
1141 3802 1288 3875 quoque
1310 3797 1381 3873 pro

407 3891 518 3968 fedius
547 3890 632 3965 inde
659 3890 706 3963 ad
731 3890 936 3982 Luceriam,
965 3894 1070 3990 juxta
1103 3897 1299 3971 obsidentes
1325 3893 1382 3968 ob-

408 4009 592 4108 selsosque,
609 4007 729 4105 inopia
750 4009 902 4087 vexavit.
952 4011 1086 4088 Omnia
1107 4019 1153 4091 ab
1184 4016 1290 4115 Arpis
1313 4016 1382 4088 Ro·

405 4128 519 4206 manis
551 4127 884 4226 subpeditabantur;
928 4153 1086 4210 ceterum
1112 4137 1207 4242 adeo
1246 4132 1381 4232 exigue,
