3067 5342
389 699 460 774 332
659 680 1110 768 astronomo

390 849 450 956 ιβ.
509 845 645 932 Tribus
682 851 774 935 duae
799 852 958 962 adjetlae
969 856 1081 961 stent,
1115 852 1291 960 [ffentina
1322 851 1367 932 ὃ

391 983 472 1062 F
429 1012 453 1062 a
467 983 582 1064 trina
640 985 759 1090 Sueffis
785 982 1003 1066 &Pontiae
1029 984 1181 1064 coloniae
1203 983 1371 1064 dedullae

373 1113 489 1218 stam.
546 1117 626 1222 Ap.
662 1115 839 1196 Claudius
873 1119 991 1222 censor
1019 1138 1151 1226 aquom
1174 1114 1370 1224 perduxit:

392 1243 494 1324 viam
512 1245 673 1354 stravit,
713 1277 803 1358 quae
829 1248 957 1356 Appia
975 1248 1244 1355 vocataestsl
1225 1246 1368 1327 liberti-

392 1407 520 1459 norum
532 1379 603 1486 fil
587 1409 636 1460 sos
661 1379 699 1459 in
711 1383 883 1490 stnatum
913 1379 1015 1486 legit.
1072 1378 1237 1490 Ideoque,
1279 1408 1369 1489 quo-

393 1511 489 1592 niam
508 1513 538 1592 is
565 1510 648 1592 ordo
663 1511 859 1592 videbatur
886 1509 1096 1622 inquinatus
1114 1512 1285 1621 indignis,
1300 1516 1368 1622 se-

395 1643 534 1753 quentis
551 1643 643 1724 anni
667 1645 821 1754 corffules
844 1643 894 1752 in·
896 1643 1024 1747 senatu
1041 1642 1183 1752 legendo
1201 1643 1370 1754 obstrua-

394 1794 543 1872 verunt,
574 1776 859 1888 quemadmodum
885 1792 972 1857 ante
989 1794 1060 1884 per
1079 1778 1261 1886 proximos
1285 1806 1370 1858 cen-

379 1913 483 2019 sores
506 1908 732 2020 observatum
748 1911 900 2020 fuerat.
969 1911 1043 1989 Res
1063 1926 1256 2019 praeterea
1284 1939 1369 1992 con-

395 2058 459 2122 tra
489 2043 644 2149 Apulos,
675 2045 862 2150 Etruscos,
894 2038 1058 2137 Umbros,
1104 2043 1265 2150 Marsos,
1297 2043 1369 2126 Ρι-

395 2173 522 2282 lignos,
551 2175 695 2283 Aequos
720 2175 763 2254 ὅ
783 2171 974 2267 Samnites,
1001 2171 1130 2283 quibus
1137 2175 1272 2281 foedus
1289 2195 1371 2256 erat

395 2304 612 2412 restitutum,
649 2309 816 2414 prospere
841 2305 957 2412 gestas
989 2307 1158 2388 ¹continet.
1214 2308 1372 2390 Flauius

381 2433 526 2542 scriba,
567 2435 732 2518 libertino
766 2455 880 2546 patre
912 2455 1035 2533 natus,
1076 2437 1200 2520 aedilis
1232 2444 1372 2522 curulis

381 2569 471 2676 suit
501 2587 573 2680 per
596 2571 781 2678 fhrerffem
808 2568 1015 2674 fallionem
1056 2589 1225 2652 creatus:
1281 2603 1373 2686 quae

398 2733 507 2815 quum
536 2703 677 2785 comitia
713 2704 756 2783 δέ
789 2719 952 2812 campum
965 2702 1162 2814 turbaret,
1200 2706 1245 2785 ὅ
1261 2706 1300 2785 in
1326 2706 1373 2786 iis

392 2853 547 2946 propter
565 2831 692 2916 nimios
718 2831 818 2916 vires
842 2829 1100 2932 dominaretur,
1132 2865 1157 2915 a
1179 2831 1230 2944 Q
1256 2837 1373 2918 Fabia

398 2975 533 3075 cerffore
561 2963 598 3047 in
617 2987 772 3077 quatuor
788 2966 908 3047 tribus
931 2963 1079 3048 redadla
1104 2969 1163 3075 ιβ,
1194 2997 1283 3078 quas
1302 2999 1373 3049 ur·

398 3099 510 3182 banos
537 3097 749 3208 adpellavit.
815 3103 941 3210 anue
975 3130 1034 3179 res
1065 3100 1181 3182 Fabio
1206 3103 1374 3182 Maximo

398 3263 520 3315 nomen
548 3229 657 3312 dedit.
714 3231 847 3312 Inhoc
887 3228 979 3313 libro
1009 3233 1137 3313 mentio
1167 3232 1380 3314 Alexandri

399 3365 549 3472 Magni,
581 3365 646 3474 qui
666 3363 881 3471 temporibus
909 3360 1077 3472 bissuit3
1113 3366 1172 3461 &,
1208 3365 1372 3474 aestima-

399 3496 448 3578 tis
477 3498 606 3604 populi
636 3495 794 3577 Romani
814 3495 971 3592 viribus,
1011 3527 1102 3606 quae
1132 3517 1221 3578 tunc
1249 3515 1371 3595 erant,

397 3629 652 3737 calogium
676 3625 886 3708 Alexander
917 3629 956 3709 in
988 3629 1137 3710 Italiam
1167 3628 1370 3738 trajecfft,
1437 3735 1440 3738 .

397 3781 561 3847 nontam
572 3761 728 3865 facilem
746 3758 986 3842 eivitlorsam
1009 3761 1051 3843 de
1066 3764 1197 3873 populo
1215 3764 1373 3843 Romana

383 3899 487 4006 sore,
518 3921 624 4005 quam
649 3891 690 3972 de
721 3892 765 3972 iis
793 3893 975 4000 gentibus,
1005 3925 1095 4005 quas
1110 3893 1164 3977 ad
1190 3895 1373 3977 Orientem

398 4027 543 4136 imperio
552 4027 625 4134 stso
632 4023 854 4133 fiebjecerat‚
