3067 5342
390 707 459 755 222
704 683 1018 756 T.L1vrt

390 851 538 948 Collega
566 851 684 924 Corvo
719 851 765 924 de
802 851 907 948 plebe
942 853 1000 924 M.
1034 849 1354 948 Popilliuslaenas
1494 845 1495 894 l

388 990 555 1068 quartum
582 968 705 1042 consul
725 968 866 1044 futurus
880 973 983 1046 datus
999 971 1060 1045 est,
1109 973 1204 1045 Cum
1222 969 1363 1046 Graecis¹
1429 951 1430 954 Ἴ
1494 949 1495 1010 l

388 1116 410 1162 a
425 1089 579 1164 Camillo
592 1091 691 1163 nulla
701 1090 940 1165 memorabilis
954 1091 1049 1191 gesta
1060 1117 1132 1166 rest
1148 1117 1213 1165 nec
1231 1089 1282 1171 itti,
1295 1111 1355 1162 ter·

388 1235 437 1295 ra,
465 1235 531 1283 nec
557 1212 746 1284 Romanus
767 1209 856 1284 mari
870 1213 1017 1286 bellator
1040 1233 1122 1286 erat.
1172 1209 1355 1296 Postremo,

389 1355 506 1428 quum
522 1329 684 1404 litoribus
700 1351 912 1417 arcerentur,
930 1357 1024 1429 aqua
1036 1331 1143 1406 etiam
1160 1351 1292 1430 praeter
1307 1355 1357 1402 ce·

265 1508 268 1514 .
389 1471 463 1523 tera
487 1448 671 1524 neceffaria
692 1447 773 1522 usui
797 1449 998 1538 deficiente,
1030 1450 1166 1524 Italiam
1185 1450 1357 1548 reliquere.

388 1569 501 1665 Cujus
516 1567 641 1668 populi
659 1595 712 1656 ea,
730 1568 902 1668 cujusque
918 1569 1032 1669 gentis
1049 1572 1156 1644 claffis
1172 1568 1289 1657 fixerit,
1311 1567 1357 1642 ni·

388 1687 440 1763 hil
469 1688 556 1764 certi
586 1687 647 1763 est.
707 1687 872 1762 Maxime
902 1689 1040 1764 Siciliae
1073 1689 1176 1768 fuiffe
1206 1711 1358 1790 tyrannos

388 1807 613 1883 crediderim.
662 1807 759 1882 Nam
775 1809 919 1883 ulterior
933 1809 1093 1898 Graecia,
1112 1836 1153 1883 ea
1166 1808 1358 1906 tempestate

390 1925 554 2002 intestino
568 1926 650 2001 feffa
665 1929 772 2015 bello,
797 1927 871 2024 jam
889 1931 1135 2005 Macedonum
1150 1955 1236 2028 opes
1251 1931 1357 2001 horre-

388 2051 460 2125 bae

435 2171 593 2244 XXVII.
630 2167 857 2244 Exercitibus
883 2169 1040 2258 dimiffis,
1075 2195 1194 2267 quum
1223 2172 1257 2246 δι
1283 2165 1357 2240 foris

387 2314 457 2386 pax
483 2293 518 2360 tc
537 2286 638 2361 domi
655 2287 848 2362 concordia
869 2289 1038 2363 ordinum
1056 2288 1174 2362 otium
1197 2291 1289 2376 esset,
1319 2311 1358 2359 ne

385 2405 492 2480 nimis
506 2408 614 2479 laetae
631 2433 684 2480 res
699 2409 819 2494 effent,
836 2407 1033 2506 pestilentia
1046 2407 1228 2485 civitatem
1245 2409 1357 2492 adorta

387 2526 506 2626 coegit
537 2525 695 2601 senatum
729 2526 898 2625 imperare
927 2527 1151 2616 decemviris,
1185 2549 1228 2603 ut
1259 2527 1357 2600 libros

388 2645 578 2745 Sibyllinos
592 2645 825 2744 inspicerent3
844 2674 1038 2761 eorumque
1052 2648 1195 2722 monitu
1207 2645 1358 2721 ledlister·
1387 2688 1391 2701 ·
1494 2649 1495 2670 ¹

388 2766 492 2840 nium
507 2765 588 2840 fuit.
638 2767 781 2841 Eodem
797 2793 890 2840 anno
904 2767 1079 2841 Satricum
1096 2771 1142 2842 ab
1160 2765 1361 2842 Antiatibus

388 2885 530 2963 colonia
551 2887 719 2974 deducla,
745 2885 973 2984 restitutaque
992 2891 1090 2976 urbs,
1116 2911 1231 2985 quam
1249 2882 1360 2961 Latini

387 3005 578 3080 diruerant.
645 3008 694 3078 Et
732 3031 817 3079 cum
857 3005 1208 3106 Karthaginienfibus
1249 3004 1361 3106 legatis

388 3129 529 3200 Rornae
546 3124 672 3198 foedus
689 3125 815 3212 idum,
833 3151 948 3224 quum
965 3126 1215 3203 amicitiamac
1229 3126 1361 3202 societa-

388 3268 462 3320 tem
481 3267 638 3344 petentes
662 3243 843 3320 venissent.
894 3247 995 3320 Idem
1021 3245 1136 3321 otium
1151 3246 1255 3322 domi
1272 3243 1359 3321 foris-

389 3391 462 3464 que
478 3368 602 3438 manstt
617 3368 664 3438 T.
683 3363 824 3439 Manlio
837 3367 1035 3465 Torquato,
1063 3369 1105 3440 C.
1123 3367 1267 3443 Plautio
1283 3391 1360 3442 con-

389 3484 544 3558 sulibus:
565 3482 839 3558 semunciarium
856 3506 994 3558 tantum
1008 3511 1053 3560 ex
1065 3485 1228 3562 unciario
1245 3486 1360 3563 foenus

390 3604 538 3691 factum,
573 3607 607 3676 δι
634 3601 673 3675 in
695 3606 874 3700 pensiones
904 3630 1033 3701 aequas
1063 3605 1221 3695 triennii,
1256 3605 1302 3680 ita
1324 3623 1361 3674 ut

390 3745 514 3825 quarta
530 3719 688 3821 praesens
701 3724 796 3811 effet,
814 3722 941 3799 solutio
958 3724 1043 3798 aeris
1059 3725 1165 3799 alieni
1175 3721 1362 3824 dispensata

389 3845 450 3920 est.
502 3847 550 3918 Et
572 3847 616 3917 src
634 3868 780 3941 quoque
796 3866 891 3941 parte
908 3844 1021 3942 plebis
1038 3845 1188 3934 adsecla,
1213 3849 1300 3921 fides
1315 3865 1360 3916 ta-

389 3992 473 4040 men
495 3963 640 4062 publica
658 3963 802 4060 privatis
824 3963 1091 4039 difficultatibus
1110 3965 1228 4062 potior
1243 3967 1288 4041 ad
1302 3989 1360 4039 cu·

389 4111 463 4160 tam
486 4083 620 4158 senatui
637 4081 716 4160 fuit.
766 4087 921 4160 Levatae
934 4084 1089 4160 maxime
1106 4111 1172 4175 res,
1200 4085 1286 4186 quia
1306 4080 1360 4158 tri-
