3067 5342
399 664 465 737 118
727 658 1042 736 T.L1v11

396 834 618 934 opinionem,
634 859 725 933 quae
736 833 797 911 sua
807 833 938 933 cuique
951 830 1161 932 conjectanti
1172 834 1238 907 elle
1251 823 1367 929 potest,

397 957 520 1029 audior
529 956 614 1029 sun?
628 954 750 1029 Simile
760 954 833 1029 veri
845 955 906 1043 est,
918 974 978 1029 aut
988 953 1179 1029 intervallis
1188 952 1368 1037 bellunm,

398 1076 487 1149 ficut
509 1098 605 1148 nunc
627 1073 665 1148 in
687 1074 885 1151 delestibus
908 1075 949 1147 fit
970 1072 1159 1162 Romanis,
1187 1070 1254 1146 alia
1271 1092 1370 1167 atque

398 1194 466 1270 alia
489 1192 610 1269 subole
630 1193 818 1290 juniorum
845 1193 891 1268 ad
917 1194 1008 1268 bella
1030 1190 1253 1266 instauranda
1274 1188 1370 1265 toties

396 1313 478 1389 usos
494 1316 578 1388 effe:
602 1335 665 1387 aut
681 1339 754 1388 non
771 1340 816 1387 ex
831 1312 955 1387 iisdem
970 1312 1105 1411 semper
1121 1310 1264 1411 populis
1280 1334 1371 1384 exer·

397 1434 490 1511 citus
503 1426 660 1533 scriptos,
678 1448 896 1533 quamquam
910 1432 1033 1505 eadem
1050 1430 1186 1531 semper
1202 1450 1287 1530 gens
1303 1427 1370 1503 bel·

398 1555 476 1628 lum
499 1552 674 1629 intulerit}
705 1574 766 1627 aut
791 1550 1083 1627 innumerabilem
1107 1546 1372 1645 multitudinem

399 1672 592 1747 liberomm
608 1672 767 1771 capitum
790 1670 892 1745 ineis
910 1669 1010 1745 strille
1031 1670 1131 1760 locis,
1152 1696 1245 1771 quae
1270 1694 1372 1756 nunc,

399 1791 462 1865 vix
476 1790 661 1866 seminario
673 1790 807 1891 exiguo
823 1789 979 1865 militum
996 1790 1131 1879 relicto,
1149 1789 1287 1865 servitia
1302 1791 1373 1863 Ro-

291 1970 295 1991 2
401 1936 506 1987 mana
517 1913 562 1986 ab
572 1908 760 1985 solitudine
773 1910 965 1985 vindicant.
991 1913 1120 2010 Ingens
1135 1932 1243 1997 cette,
1263 1908 1373 2007 (quod

399 2030 491 2105 inter
504 2056 627 2105 omnes
648 2032 807 2103 aussores
823 2028 1004 2125 convenit)
1030 2056 1251 2129 quamquam
1270 2054 1375 2129 nuper

399 2147 542 2225 Camilli
573 2149 684 2222 dustu
712 2170 820 2245 atque
849 2146 1005 2246 auspicio
1031 2147 1161 2224 accisae
1191 2172 1245 2223 res
1270 2170 1373 2235 erant,

401 2260 610 2341 Volscorum
624 2262 799 2341 exercitus
813 2264 893 2341 fuit.
943 2268 1005 2341 Ad
1021 2270 1090 2343 hoc
1105 2268 1229 2343 Latini
1247 2266 1374 2343 Hemi-

401 2386 508 2484 cique
538 2387 757 2474 accesserant,
802 2391 837 2461 δι
866 2386 1114 2483 Circejenfium
1147 2387 1309 2485 quidam,
1341 2390 1373 2459 ὅτ

400 2504 518 2583 coloni
534 2503 641 2579 etiam
657 2532 678 2579 a
692 2504 834 2581 Velitris
849 2505 1017 2581 Romani.
1068 2506 1245 2596 Dictator,
1262 2503 1372 2581 castris

395 2650 444 2699 eo
476 2623 535 2699 die
562 2623 693 2722 positis,
723 2626 860 2723 postero
883 2650 968 2699 cum
994 2625 1173 2725 auspicato
1199 2624 1372 2725 prodisset,

400 2744 584 2843 hostiaque
601 2743 697 2819 caesa
711 2770 837 2843 pacem
855 2747 976 2819 Deum
993 2746 1174 2834 adorasset,
1202 2748 1310 2821 laetus
1332 2745 1373 2817 ad

401 2862 544 2952 milites,
561 2864 638 2959 jam
655 2888 751 2938 arma
763 2864 809 2936 ad
825 2866 1040 2961 propositum
1063 2890 1209 2963 pugnae
1229 2869 1373 2965 signum,

400 2986 487 3058 ficut
504 2982 666 3057 edidtum
677 3002 762 3071 erat,
777 2983 857 3057 luce
870 2981 985 3080 prima
995 2982 1187 3081 capientes,
1206 2986 1373 3084 processit:

401 3102 576 3177 “Nostra
591 3102 737 3177 visloria
752 3101 815 3190 est,
839 3101 1004 3190 milites,”
1033 3100 1164 3203 inquit,
1200 3114 1226 3149 ‘⁴
1243 3106 1266 3177 sr
1290 3100 1374 3202 quid

401 3234 427 3267 “
446 3221 510 3297 Dii
527 3220 692 3319 vatesque
708 3220 883 3295 commin
900 3220 1059 3297 futurum
1072 3222 1209 3297 vident.
1242 3224 1373 3319 ltaque,

402 3353 427 3386 ‘⁸
445 3362 488 3414 ut
510 3343 613 3414 decet
637 3360 749 3413 certae
768 3338 840 3437 spei
860 3342 995 3437 plenos,
1026 3346 1061 3416 δι
1089 3362 1173 3417 cum
1200 3340 1374 3440 inparibus

397 3471 426 3505 ⁴‘
445 3484 571 3533 manus
587 3457 817 3547 consertums,
837 3458 917 3556 pilis
931 3482 1010 3535 ante
1026 3462 1133 3559 pedes
1150 3462 1281 3560 positis,
1305 3460 1373 3558 gla-

401 3589 427 3625 “
445 3577 514 3653 diis
530 3599 669 3653 tantum
687 3580 825 3653 dextras
842 3604 1032 3654 armemust
1064 3608 1109 3654 ne
1122 3580 1282 3678 procurri
1298 3576 1375 3675 qui-

399 3711 426 3745 “
444 3702 527 3775 dem
544 3702 589 3775 ab
605 3698 679 3773 acie
692 3697 814 3785 velim,
832 3696 891 3771 sed
906 3697 1046 3774 obnisos
1059 3726 1122 3774 vos
1132 3699 1246 3777 stabili
1264 3698 1371 3798 gradu

395 3831 426 3866 '“
444 3820 606 3918 inpetum
620 3816 775 3891 hostium
793 3816 965 3917 excipere.
990 3818 1069 3895 Ubi
1084 3818 1134 3893 illi
1148 3846 1239 3897 vana
1251 3820 1373 3915 injece·

398 3951 426 3984 “
444 3938 514 4013 rint
527 3936 675 4025 missilia,
691 3941 725 4011 δτ
738 3938 835 4011 effufi
845 3936 1016 4012 stantibus
1025 3938 1126 4014 vobis
1136 3938 1170 4013 se
1181 3936 1372 4022 intulerint,

395 4069 425 4104 “‘
444 4079 523 4133 tum
536 4055 671 4132 micent
684 4056 808 4157 gladii,
827 4060 861 4133 δι
878 4056 996 4133 veniat
1012 4057 1050 4135 in
1062 4082 1221 4135 mentem
1236 4054 1371 4135 unicui·
