3067 5342
481 677 711 754 Lrasn
762 637 862 756 VIII.
1108 703 1177 782 297

196 871 269 926 tarn
298 849 624 950 interpretarentur;
663 857 764 952 quod
794 834 891 942 eum,
921 852 981 929 die
1010 853 1106 930 dicha
1134 858 1180 930 ab

195 970 383 1060 aedilibus,
414 971 562 1047 crimine
580 974 751 1071 stupratae
770 973 1042 1051 matrisfamiliae
1067 974 1178 1050 absol·

194 1090 305 1167 visset.
355 1095 449 1166 Data
463 1091 643 1168 visceratio
660 1093 697 1168 in
710 1093 930 1193 praeteritam
952 1092 1084 1190 judicii
1101 1121 1177 1194 gra-

196 1211 297 1300 tiam,
314 1212 457 1287 honoris
471 1211 577 1286 etiarn
593 1213 626 1288 ei
643 1217 757 1290 cautla
773 1214 863 1288 fuit:
886 1213 1179 1312 tribunatumque

195 1331 327 1430 plebei,
354 1331 527 1431 proximis
545 1333 711 1422 comitiis,
728 1333 850 1409 absens
863 1333 1066 1431 petentibus
1082 1360 1179 1432 prae·

196 1452 317 1528 fertur.
367 1452 560 1551 Palaepolis
590 1451 659 1527 fuit
692 1455 790 1528 haud
818 1455 944 1550 procul
977 1452 1075 1540 inde,
1113 1453 1179 1529 ubi

195 1599 294 1649 nunc
311 1571 482 1671 Neapolis
501 1577 562 1648 fita
578 1573 638 1648 est.
689 1576 841 1648 Duabus
857 1570 1007 1648 urbibus
1025 1573 1179 1670 populus

196 1691 293 1766 idem
317 1691 508 1768 habitabat.
558 1693 687 1769 Cumis
703 1713 801 1768 erant
816 1691 973 1767 oriundi.
1021 1691 1178 1768 Cumani

193 1815 239 1887 ab
257 1811 429 1887 Chalcide
448 1816 612 1888 Euboica
643 1812 819 1912 originem
850 1814 1003 1886 trahunt.
1052 1813 1177 1901 Claffe,

196 1957 269 2028 qua
283 1931 422 2006 advedli
438 1935 483 2007 ab
501 1933 610 2007 domo
627 1931 778 2021 fuerant,
800 1935 957 2006 multum
973 1931 1012 2005 in
1029 1956 1090 2006 ora
1105 1958 1179 2006 ma-

194 2050 242 2126 ris
258 2052 345 2148 ejus,
372 2055 474 2151 quod
491 2054 672 2140 adcolunt,
703 2073 860 2151 pomere.
909 2051 1032 2126 Primo
1057 2050 1096 2126 in
1124 2051 1178 2125 in·

195 2170 285 2247 sulas
319 2170 510 2246 Aenariam
539 2177 572 2246 dt
604 2170 806 2246 Pithecusas
823 2174 956 2270 egressi,
982 2170 1113 2245 deinde
1139 2170 1178 2245 in

195 2290 438 2366 continentem
465 2295 534 2365 auli
552 2290 648 2365 sedes
665 2290 858 2365 transferre.
907 2293 1012 2365 Haec
1041 2289 1177 2378 civitas,

194 2437 310 2510 quum
325 2410 396 2486 suis
408 2410 557 2499 viribus,
568 2430 647 2486 tum
662 2408 876 2486 Samnitium
893 2408 1005 2484 infida
1017 2408 1179 2486 adversus
1212 2438 1216 2445 ·

196 2533 382 2606 Romanos
414 2530 578 2606 societate
608 2528 707 2618 freta,
734 2534 802 2603 five
826 2529 1060 2618 Pestilentiae,
1087 2555 1179 2629 quae

194 2653 399 2726 Romanam
431 2653 558 2726 urbem
599 2653 722 2724 adorta
762 2648 1010 2737 nunciabatur,
1050 2649 1178 2735 fidens,

196 2772 308 2845 multa
320 2770 460 2844 hostilia
476 2768 637 2844 adversus
652 2771 851 2856 Romanos,
879 2793 1005 2867 agrum
1028 2771 1178 2864 Campa-

194 2917 284 2966 num
311 2892 573 2988 Falernumque
600 2889 805 2974 incolentes,
833 2886 928 2962 fecit.
978 2887 1104 2988 Igitur,
1131 2891 1178 2962 t„

194 3009 363 3084 Cornelio
393 3012 565 3096 Lentulo,
598 3014 656 3109 Q
677 3006 835 3083 Publilio
864 3007 1015 3083 Philone
1049 3007 1178 3083 iterum

194 3129 412 3218 consulibus,
431 3127 615 3204 fecialibus
630 3126 846 3226 Palaepolim
872 3128 918 3202 ad
943 3155 996 3203 res
1020 3149 1177 3226 repeten-

196 3252 258 3324 das
280 3250 398 3339 miffis,
425 3275 539 3350 quum
563 3249 711 3322 relatum
736 3249 864 3325 effeta
889 3247 1047 3337 Graecis,
1072 3269 1177 3348 gente

195 3368 318 3469 lingua
331 3369 446 3469 stragis
463 3369 613 3456 strenua,
647 3394 757 3466 quam
784 3366 895 3454 fatris,
923 3367 1022 3442 ferox
1039 3365 1178 3465 respon-

193 3487 271 3563 sum
283 3522 295 3578 3
322 3517 367 3564 ex
396 3489 601 3565 auetoritate
635 3491 782 3562 Parrum
805 3488 959 3585 populus
985 3485 1179 3584 Palaepoli-

195 3609 286 3683 tanis
303 3612 440 3710 bellum
456 3608 532 3711 fieri
541 3610 648 3704 juffrt.
699 3610 795 3681 Inter
811 3605 970 3681 consules
985 3605 1178 3707 provinciis

196 3729 419 3828 comparatis,
465 3730 560 3804 bello
594 3726 721 3801 Graeci
753 3724 986 3825 persequendi
1019 3725 1178 3800 Publilio

195 3869 389 3924 evenerunt
396 3881 407 3936 ;
440 3847 626 3923 Cornelius
643 3848 750 3921 altero
766 3845 922 3919 exercitu
947 3844 1178 3932 Samnitibus,

195 3972 219 4042 sr
237 3995 309 4067 qua
324 3968 357 4044 se
374 3987 570 4056 moverent,
588 3969 778 4065 obpofitus.
828 3966 938 4038 Fama
955 3986 1076 4039 autern
1093 3987 1178 4053 erat,

194 4087 386 4164 defectioni
419 4091 685 4187 Campanorum
727 4083 940 4162 inminentes
972 4085 1177 4161 admoturos
