3067 5342
414 893 940 976 T1T1L1v11

290 1126 1053 1230 PATAVINI

487 1382 643 1456 LIBER
676 1381 867 1455 NONUS.

184 1619 214 1692 I.
231 1545 466 1706 Saoumua
484 1615 581 1690 hunc
595 1640 729 1692 annum
742 1613 872 1690 nobilis
885 1615 984 1690 clade
1000 1614 1167 1689 Romana

185 1735 350 1811 Caudina
366 1761 449 1834 pax,
474 1737 521 1809 T.
539 1735 687 1810 Veturio
704 1735 867 1824 Calvino,
901 1738 960 1833 Sp.
983 1733 1168 1809 Postumio

185 1855 401 1932 consulibus.
451 1854 623 1931 Samnites
652 1882 695 1929 eo
727 1882 821 1930 anno
848 1855 1095 1953 imperatorem
1124 1855 1167 1930 C.

185 1975 372 2063 Pontium,
387 1974 566 2050 Herennii
583 1974 937 2063 filium‚habuen1nt,
957 1996 1053 2075 patre
1063 1976 1169 2074 longe

186 2095 456 2195 prudent'iffimo
474 2115 611 2183 natum,
638 2093 797 2193 primum
825 2093 942 2194 ipsum
965 2097 1169 2170 bellatorem

187 2218 403 2315 ducemque.
454 2218 501 2304 Is,
533 2214 599 2291 ubi
616 2215 734 2315 legati,
770 2214 834 2313 qui
851 2217 898 2289 ad
914 2216 1094 2290 dedendas
1117 2241 1170 2289 res

187 2336 277 2412 miffi
307 2358 417 2425 erant,
452 2361 538 2435 pace
562 2334 692 2410 insede
718 2335 912 2424 redierunt,
944 2345 969 2380 “
992 2339 1051 2410 Ne
1078 2334 1168 2409 nihil

190 2468 215 2516 ‘·‘
233 2459 390 2544 auum?
418 2455 551 2555 inquit,
585 2466 610 2512 ·“
629 2458 695 2534 hac
712 2453 887 2555 legatione
904 2453 1082 2543 censeatis,
1109 2481 1170 2530 ex·

190 2575 372 2676 “piatum
394 2576 457 2665 est,
484 2574 666 2675 quidquid
692 2601 738 2653 ex
761 2575 901 2651 foedere
918 2595 1024 2674 rupto
1039 2574 1170 2650 irarum

190 2696 270 2771 “in
288 2723 352 2771 nos
367 2695 572 2771 coelestium
590 2695 668 2770 fuit.
719 2694 808 2771 Satis
823 2694 907 2784 seio,
938 2693 1171 2793 quibuscum-

192 2827 218 2862 “
237 2843 309 2915 que
336 2815 418 2891 Diis
435 2816 535 2891 cordi
548 2814 630 2905 fuit,
657 2814 774 2915 subigi
798 2841 862 2890 nos
876 2815 923 2889 ad
939 2816 1172 2890 neceffitatem

192 2946 218 2982 ‘⁶
237 2934 395 3010 dedendi
412 2962 478 3024 res,
510 2961 601 3035 quae
618 2935 758 3010 anobis
775 2961 821 3010 ex
838 2934 980 3010 foedere
1006 2934 1172 3036 repetitae

191 3067 217 3100 “
238 3056 390 3144 fuerant,
428 3055 470 3129 iis
504 3081 576 3130 non
599 3053 699 3129 fuiffe
726 3054 827 3130 cordi
853 3076 926 3130 tam
956 3054 1101 3155 superbe
1128 3059 1173 3132 ab

192 3189 217 3226 ‘⁶
236 3175 412 3254 Romanis
432 3174 583 3251 foederis
607 3173 848 3274 expiationem
861 3172 1020 3273 spretam.
1070 3175 1174 3276 Qid

192 3307 219 3343 “
236 3297 333 3373 enim
350 3298 441 3371 ultra
454 3295 529 3388 fieri
543 3297 589 3370 ad
614 3295 804 3393 placandos
822 3298 919 3370 Deos
944 3295 1173 3395 mitigandos-

193 3428 218 3462 “
237 3443 308 3517 que
325 3416 488 3492 homines
513 3415 644 3516 potuit,
674 3441 784 3513 quam
802 3417 902 3513 quod
916 3441 980 3490 nos
999 3413 1172 3493 fecimus?

193 3548 219 3583 “
238 3541 313 3613 Res
330 3536 487 3612 hostium
511 3535 549 3610 in
572 3537 701 3634 praeda
718 3556 848 3632 captas,
875 3561 966 3634 quae
989 3535 1073 3612 belli
1092 3537 1174 3634 jure

192 3659 372 3733 “nostrae
398 3656 622 3744 videbantur,
654 3655 864 3730 remifimus:
891 3658 1049 3733 audiores
1074 3657 1173 3747 belli,

193 3779 325 3877 “quia
348 3776 448 3852 vivos
471 3802 545 3851 non
567 3775 764 3874 potuimus,
795 3774 999 3874 perfunctos
1008 3777 1085 3872 jam
1101 3776 1174 3852 fato

194 3909 219 3944 “
238 3896 461 3978 dedidimus:
490 3899 586 3972 bona
609 3921 746 3986 eorum,
773 3923 819 3971 ne
835 3895 926 3995 quid
948 3923 994 3973 ex
1015 3897 1174 3998 contagi-

192 4028 219 4063 “
238 4044 306 4093 one
319 4043 432 4094 noxae
447 4037 640 4091 remaneret
659 4042 766 4115 penes
779 4042 857 4104 nos,
884 4019 1042 4093 Romam
1058 4040 1174 4116 porta·

194 4149 220 4204 ff‘
236 4139 366 4215 vimus.
415 4137 518 4240 Quid
531 4137 622 4212 ultra
638 4135 718 4225 tibi,
742 4137 921 4226 Romane,
945 4136 1037 4236 quid
1053 4136 1173 4220 foede-
