3067 5342
414 651 495 814 390Ι
732 709 1045 784 T.L1vtr

416 911 484 960 nus
507 883 627 982 itaque
648 881 818 960 saevitum
846 883 883 958 in
909 883 1024 959 hostes
1050 883 1123 958 est:
1160 881 1307 981 praedae
1323 882 1391 978 plus

417 1032 522 1106 pene,
550 1030 661 1102 quam
678 1029 724 1078 ex
740 1005 842 1079 omni
859 1004 1004 1078 Samnio
1021 1027 1213 1101 umquam,
1233 999 1392 1100 egestum,

421 1125 649 1225 benigneque
666 1123 786 1198 omnis
803 1123 909 1198 militi
925 1124 1095 1198 conceffa
1148 1123 1197 1196 Et
1221 1119 1394 1220 postquam

418 1267 684 1344 praepotentem
700 1242 806 1318 armis
824 1247 1033 1318 Romanum
1050 1267 1114 1317 nec
1126 1241 1221 1317 acies
1233 1239 1399 1315 subsistere

418 1369 525 1455 ullae,
557 1393 622 1441 nec
639 1365 758 1453 castra,
786 1389 851 1439 nec
876 1368 982 1440 urbes
1011 1384 1199 1462 poterant3
1220 1447 1223 1454 Δ
1245 1357 1395 1435 omnium

418 1485 623 1585 principum
641 1485 679 1560 in
702 1483 847 1560 Samnio
869 1510 912 1559 eo
930 1510 1033 1559 curae
1060 1482 1141 1558 sunt
1167 1482 1331 1568 intentae,
1361 1497 1395 1550 ut

420 1605 553 1682 infidiis
576 1627 800 1704 quaereretur
821 1605 933 1694 locus,
951 1607 975 1678 sr
991 1629 1065 1704 qua
1078 1603 1223 1678 licentia
1238 1601 1394 1702 populan-

421 1729 470 1801 do
487 1723 616 1798 effusus
632 1725 808 1800 exercitus
821 1724 939 1824 excipi
963 1751 1003 1799 ac
1020 1723 1272 1800 circumveniri
1289 1720 1394 1820 pofl'et.

420 1845 641 1949 Transfugae
658 1845 859 1945 agrestes&
876 1843 1005 1942 captivi
1024 1844 1189 1944 quidam,
1216 1869 1293 1942 pars
1305 1839 1393 1923 sorte,

421 1992 497 2066 pars
511 1966 655 2042 confilio
671 1965 796 2053 oblati,
824 1963 1058 2064 congruentia
1080 1965 1127 2040 ad
1144 1963 1323 2040 consulem
1343 1959 1394 2030 ad-

423 2086 586 2176 serentes,
618 2113 710 2187 quae
730 2090 765 2161 &
789 2109 871 2161 vera
899 2107 1009 2173 erant,
1036 2084 1174 2182 pecoris
1193 2084 1270 2159 vim
1287 2081 1393 2180 ingen-

424 2229 498 2281 tem
527 2208 565 2281 in
590 2205 716 2285 saltum
742 2205 864 2279 avium
891 2203 1110 2303 compulsam
1130 2209 1213 2294 effe,
1249 2200 1394 2304 perpule-

424 2346 521 2415 runt,
554 2349 596 2400 ut
613 2327 823 2424 praedatum
846 2349 890 2398 eo
912 2323 1097 2424 expeditae
1124 2327 1335 2401 ducerentur
1354 2320 1393 2391 le-

424 2445 559 2546 giones.
610 2445 665 2520 lbi
683 2429 982 2545 ingens'hostiunr
1006 2445 1182 2521 exercitus
1206 2445 1327 2522 itinera
1344 2463 1393 2512 oc·

421 2567 540 2641 cultus
557 2563 741 2653 insederat,
773 2569 821 2653 a,
854 2564 1043 2663 postquam
1066 2566 1207 2642 intrasse
1226 2569 1395 2641 Romanos

422 2685 514 2762 vidit
541 2683 681 2774 saltum,
725 2704 867 2782 repente
902 2708 1043 2760 exortus
1074 2713 1159 2762 cum
1185 2691 1336 2763 clamore
1362 2705 1394 2754 ac

425 2808 584 2881 tumultu
617 2805 778 2880 incautos
813 2803 959 2881 invadit.
1011 2809 1059 2881 Et
1087 2807 1207 2906 primo
1239 2831 1326 2882 nova
1353 2826 1395 2876 res

424 2925 697 3025 trepidationem
721 2924 820 3013 fecit,
846 2926 936 2999 dum
961 2945 1056 3000 arma
1078 2927 1241 3026 capiunt,
1265 2923 1394 3004 sarcinas

423 3066 622 3146 congerunt
639 3045 678 3118 in
694 3045 880 3120 medium:
912 3045 1010 3134 dein,
1038 3047 1241 3148 postquam,
1259 3068 1300 3123 ut
1314 3039 1393 3144 quis-

424 3195 495 3268 que
513 3165 718 3241 liberaverat
734 3164 767 3239 se
790 3191 910 3255 onere,
940 3187 1186 3267 aptaveratque
1212 3167 1327 3254 armis,
1357 3161 1395 3236 ad

425 3291 521 3387 srgna
535 3285 699 3386 undique
714 3287 872 3374 coibant,
903 3291 951 3375 dr,
982 3286 1075 3362 notis
1089 3271 1276 3366 ordinibus
1292 3287 1327 3361 in
1344 3309 1394 3356 ve·

423 3430 494 3482 tere
518 3405 703 3505 disciplina
728 3403 888 3494 militiae,
910 3407 985 3503 jam
1010 3411 1077 3482 fine
1097 3432 1285 3510 praecepto
1301 3404 1394 3481 ullius

424 3526 485 3602 sua
500 3525 622 3624 sponte
640 3525 836 3600 struebatur
852 3524 958 3615 acies,
987 3525 1122 3617 consul,
1152 3529 1198 3604 ad
1216 3527 1393 3628 ancipitem

423 3646 580 3723 maxime
615 3670 773 3745 pugnam
806 3647 987 3736 advectus,
1023 3648 1135 3724 desilit
1160 3677 1206 3726 ex
1239 3649 1392 3751 equo&

424 3771 568 3866 Jovem,
596 3769 826 3864 Martemque
858 3787 964 3867 atque
998 3769 1084 3845 alios
1114 3772 1259 3848 testatur
1294 3773 1392 3852 Deos,

423 3898 449 3932 “
467 3888 500 3962 se
518 3888 653 3962 nnllam
671 3885 767 3960 suam
785 3885 933 3985 gloriam
951 3887 1048 3979 inde,
1075 3890 1135 3968 sed
1157 3897 1319 3993 praedam
1335 3885 1393 3963 mi-

424 4019 450 4053 “
467 4007 521 4082 liti
539 4028 780 4106 quaerentem,
803 4005 841 4080 in
858 4032 942 4082 eum
959 4011 1080 4086 locum
1094 4013 1281 4090 deveniffe.
1328 4009 1393 4085 Ne·

423 4139 449 4174 “
467 4155 538 4227 que
555 4125 641 4201 inse
660 4125 773 4216 aliud,
803 4151 912 4225 quarn
927 4127 1075 4206 nimiam
1091 4121 1234 4210 ditandi
1244 4159 1289 4210 ex
1305 4117 1392 4207 hoste
