3067 5342
499 739 885 828 LrsanVIII.
1095 779 1165 854 323

180 945 260 1000 tum
277 926 450 1002 momenti
467 927 505 1002 in
521 955 596 1003 uno
620 928 695 1003 viro
721 931 768 1004 L.
786 929 928 1029 Papirio
944 927 1027 1018 fuit,
1059 949 1114 1018 ut,
1139 932 1165 1002 fi

180 1043 283 1120 ducis
300 1046 441 1122 confilia
462 1047 560 1123 favor
576 1048 780 1125 subsecutus
798 1050 956 1124 militum
972 1048 1074 1138 foret,
1100 1049 1163 1121 de·

181 1166 303 1240 bellari
322 1193 365 1242 eo
379 1167 438 1242 die
452 1195 537 1243 cum
557 1169 774 1244 Samnitibus
790 1170 952 1268 potuiffe,
984 1195 1049 1268 pro
1065 1169 1164 1242 haud

182 1285 297 1361 dubio
326 1287 490 1363 habitum
518 1292 577 1363 fit:
607 1289 655 1364 ita
678 1289 843 1364 instruxit
873 1287 987 1364 aciem
1013 1289 1095 1362 loco
1120 1314 1163 1361 ac

182 1405 356 1496 subfidiis,
382 1407 432 1482 ita
450 1407 550 1484 omni
581 1431 653 1484 arte
680 1409 807 1484 bellica
834 1407 998 1483 firmavit.
1048 1407 1163 1481 Ceffa·

181 1547 261 1601 tunt
288 1553 309 1602 a
335 1526 462 1617 milite,
489 1555 530 1604 ac
563 1531 607 1604 de
634 1528 816 1618 industria,
841 1550 884 1603 ut
912 1530 1164 1605 obtrectaretur

181 1645 349 1724 laudibus
388 1648 505 1737 ducis,
547 1649 706 1748 inpedita
737 1648 885 1724 victoria
916 1649 977 1724 est.
1040 1648 1165 1724 Plures

180 1767 394 1843 Samnitium
427 1768 603 1844 cecidere:
647 1771 765 1868 plures
799 1769 957 1844 Romani
988 1767 1162 1842 vulnerati

180 1885 271 1962 sunt.
321 1891 429 1963 Senfit
450 1888 583 1987 peritus
600 1890 690 1978 dux,
717 1916 809 1988 quae
839 1915 891 1964 res
911 1888 1076 1964 victoriae
1099 1890 1163 1963 ob·

179 2008 298 2083 staret:
323 2009 594 2109 temperandum
614 2008 802 2109 ingenium
821 2009 926 2085 suurn
951 2010 1030 2097 effe,
1061 2013 1096 2082 δι
1113 2006 1163 2082 se-

180 2127 363 2204 veritatem
386 2127 603 2204 miscendam
632 2129 806 2206 comitati.
854 2133 993 2229 Itaque,
1023 2127 1163 2204 adhibi-

181 2249 225 2325 tis
242 2249 378 2349 legatis,
400 2247 471 2348 ipse
497 2249 634 2325 circum
656 2249 790 2326 saucios
804 2250 935 2327 milites
952 2249 1101 2324 inserens
1123 2248 1163 2324 in

181 2369 332 2444 tentoria
348 2389 469 2468 caput,
502 2373 669 2471 fingulos,
695 2393 737 2445 ut
761 2370 829 2446 sese
853 2374 1035 2458 haberent,
1068 2369 1162 2470 rogi·

181 2509 271 2577 tans,
307 2513 428 2564 curam
445 2515 569 2565 eorum
593 2491 806 2567 nominatim
834 2492 970 2594 legatis,
996 2489 1162 2565 tribunis-

178 2635 264 2707 que,
295 2613 330 2684 &
343 2608 524 2708 praefeclis
541 2613 794 2686 demandabat:
829 2639 904 2686 rem
922 2638 986 2710 per
997 2609 1031 2684 se
1047 2636 1161 2709 popu·

177 2731 286 2803 larem
310 2729 359 2804 ita
384 2731 507 2807 dexter
529 2729 615 2830 egit,
647 2754 701 2820 ut,
731 2731 918 2806 medendis
940 2731 1161 2829 corporibus,

178 2849 290 2925 animi
308 2851 424 2926 multo
440 2850 538 2948 prius
555 2851 713 2927 militum
732 2850 934 2951 imperatori
959 2851 1162 2928 reconcilia-

178 2989 318 3058 rentur:
347 2995 413 3046 nec
436 2969 637 3070 quidquam
659 2971 705 3045 ad
726 2971 961 3048 salubritatem
986 2973 1162 3050 efficacius

178 3087 299 3180 fuerit,
327 3117 437 3190 quarn
456 3093 555 3190 quod
578 3111 676 3191 grato
706 3091 827 3166 animo
858 3119 899 3167 ea
919 3119 1005 3170 cura
1018 3116 1163 3194 accepta

181 3212 243 3286 est.
306 3210 460 3286 Refec'to
492 3211 663 3301 exercitu,
700 3239 785 3287 cunr
822 3213 920 3288 hoste
961 3219 1161 3314 congreffus

178 3327 277 3406 haud
300 3330 413 3407 dubia
433 3329 491 3431 spe
519 3330 580 3406 sua
602 3331 847 3432 militumque,
875 3333 923 3408 ita
944 3332 1040 3408 fudit
1059 3334 1160 3436 fuga-

176 3450 302 3552 vitque
333 3451 519 3540 Samnites,
553 3473 595 3527 ut
623 3451 682 3526 ille
704 3451 855 3526 ultimus
881 3451 930 3526 eis
949 3452 1024 3530 dies
1041 3454 1161 3531 confe-

177 3573 280 3649 rendi
297 3576 391 3673 figna
404 3599 487 3648 curn
508 3571 677 3647 dictatore
696 3569 815 3646 fuerit.
864 3574 1001 3648 lnceffit
1017 3575 1160 3666 deinde,

178 3719 251 3794 qua
267 3693 372 3768 duxit
396 3693 545 3793 praedae
572 3693 660 3792 spes,
685 3693 799 3768 vidior
824 3691 996 3768 exercitus
1003 3728 1015 3782 3
1043 3699 1160 3793 perlu-

177 3813 368 3912 stravitque
406 3811 562 3888 hostium
594 3839 707 3913 agros,
742 3815 840 3888 nulla
872 3839 979 3903 arma,
1025 3817 1160 3890 nullam

176 3932 266 4022 vim,
297 3960 363 4009 nec
389 3953 559 4032 apertam,
588 3959 654 4009 nec
677 3933 823 4023 infidiis,
855 3953 1030 4034 expertus.
1081 3939 1159 4011 Ad·

177 4053 286 4127 debat
301 4052 527 4143 alacritatem,
554 4053 654 4152 quod
671 4052 822 4128 dictator
836 4058 1002 4154 praedam
1015 4083 1162 4132 omnem

176 4171 337 4248 edixerat
353 4171 547 4249 militibus:
579 4197 645 4248 nec
663 4172 715 4249 ira
738 4173 851 4275 magis
867 4175 1025 4275 publica,
1050 4205 1160 4278 quam
