3067 5342
419 763 424 773 .
498 695 729 774 Erana
780 699 848 774 IX.
1117 719 1190 793 409

205 873 376 972 pellerent
397 869 548 959 decoris,
579 870 618 944 in
633 868 820 945 transversa
842 872 947 944 latera
964 866 1119 944 hostium
1135 869 1189 945 in·

206 1012 363 1066 currunt.
412 992 447 1064 Is
471 1016 583 1065 novus
600 990 743 1064 additus
767 1011 876 1065 terror
893 1014 1008 1088 quum
1026 1014 1070 1064 ex
1096 1010 1191 1088 parte

206 1133 356 1209 utraque
373 1109 641 1185 circumvafiffet
655 1108 783 1198 aciem,
816 1115 850 1184 δι
868 1111 914 1182 ad
931 1130 1097 1182 terrorem
1113 1109 1192 1184 hos-

208 1229 302 1305 tium
334 1228 491 1329 legiones
523 1231 723 1318 Romanae,
754 1226 992 1326 redintegrato
1025 1229 1191 1319 clamore,

208 1349 405 1424 intulissent
414 1351 579 1449 gradum,
603 1370 682 1424 tum
697 1347 784 1448 suga
792 1352 837 1424 ab
853 1347 1071 1423 Samnitibus
1087 1375 1192 1447 coep-

208 1491 255 1546 ta.
303 1471 386 1566 Jam
401 1471 513 1571 strage
529 1468 720 1544 hominum
733 1493 985 1566 armonrmque
1002 1466 1193 1566 insrgnium

208 1591 326 1691 campi
349 1590 494 1689 repleri3
523 1616 563 1664 ac
587 1589 703 1688 primo
725 1588 874 1688 pavidos
895 1587 1069 1663 Samnites
1086 1589 1193 1664 castra

208 1707 269 1784 sua
295 1737 488 1808 accepere:
540 1709 671 1784 deinde
705 1735 750 1782 ne
783 1735 825 1783 ea
857 1708 1006 1808 quidem
1049 1729 1192 1785 retenta.

208 1829 331 1928 Captis
364 1827 579 1928 direptisque
611 1851 692 1903 ante
725 1831 867 1903 nossem
906 1828 1055 1927 injeslus
1088 1829 1192 1930 ignis.

208 1950 372 2025 Didator
401 1973 447 2023 ex
467 1946 764 2024 senatusconsulto
786 1947 1029 2048 triumphavit.
1081 1951 1193 2048 Cujus

208 2069 391 2168 triumpho
418 2070 525 2167 longe
550 2067 744 2143 maximam
773 2066 925 2167 speciem
946 2068 1086 2167 captiva
1098 2097 1194 2146 arma

208 2192 409 2288 praebuere.
458 2191 621 2262 Tantum
638 2188 922 2288 magnificentiae
944 2187 1061 2263 visum
1077 2187 1116 2263 in
1136 2189 1192 2279 iis,

208 2329 251 2382 ut
267 2329 387 2384 aurata
409 2307 506 2384 scuta
535 2307 691 2384 dominis
716 2308 989 2408 argentariarum
1012 2311 1059 2382 ad
1075 2309 1194 2385 sorum

208 2430 409 2504 ornandum
423 2427 677 2503 dividerentur.
728 2431 817 2503 Inde
835 2449 959 2503 natum
978 2427 1123 2504 initium
1137 2429 1193 2503 di-

207 2546 301 2622 citur
317 2546 383 2623 sori
400 2547 549 2624 ornandi
565 2553 611 2624 ab
632 2546 821 2637 aedilibus,
852 2575 967 2647 quum
992 2548 1104 2624 tensae
1124 2551 1192 2623 du-

207 2688 380 2744 cerentur.
446 2672 495 2750 Et
536 2670 694 2744 Romani
742 2668 893 2768 quidem
934 2671 980 2743 ad
1020 2670 1193 2744 honorem

209 2791 332 2863 Defim
355 2787 551 2887 infignibus
576 2789 682 2863 armis
707 2789 864 2863 hostiurn
886 2791 936 2862 usr
953 2786 1054 2862 sunt:
1085 2792 1191 2865 Cam-

199 2907 304 3007 ·pani,
334 2911 380 2983 ab
396 2907 557 3007 superbia
573 2909 709 2985 &odio
731 2908 961 2997 Samnitium,
984 2907 1192 3008 gladiatores

209 3031 327 3128 (quod
352 3027 592 3127 spesiaculum
618 3030 711 3104 inter
734 3032 856 3129 epulas
884 3031 972 3123 erat)
995 3056 1039 3104 eo
1065 3051 1190 3105 ornatu

208 3171 401 3236 armarunt,
433 3148 721 3249 Samnitiumque
747 3149 894 3224 nomine
923 3153 1193 3248 compellarunt.

210 3269 352 3344 Eodem
367 3294 463 3343 anno
478 3295 563 3344 cum
581 3269 727 3369 reliquis
745 3269 976 3345 Etruscorum
993 3272 1039 3343 ad
1058 3273 1192 3344 Perufi-

208 3413 281 3476 am,
314 3414 405 3487 quae
419 3394 454 3464 δι
477 3388 551 3486 ipsa
566 3389 793 3464 induciarum
816 3392 926 3465 sidem
943 3410 1095 3488 ruperat,
1127 3390 1192 3464 Fa·

208 3507 292 3583 bius
303 3506 426 3584 consul
438 3535 505 3584 nec
520 3510 633 3585 dubia
646 3516 712 3584 nec
729 3509 868 3584 difficili
880 3508 1026 3584 vidoria
1035 3509 1192 3585 dimicat.

209 3627 329 3728 Ipsum
351 3628 528 3729 oppidum
561 3635 661 3728 (nam
684 3630 729 3703 ad
746 3627 889 3704 moenia
910 3627 1024 3704 vietor
1039 3632 1190 3725 accessit)

208 3748 363 3847 cepisset,
386 3748 424 3822 ni
440 3749 546 3849 legati
559 3749 728 3823 dedentes
741 3752 869 3824 urbem
883 3747 1039 3824 exissent.
1090 3751 1191 3824 Prae·
1234 3794 1238 3801 ·

208 3868 463 3944 lidioPerufiae
480 3869 643 3969 inposito,
674 3869 911 3969 legationibus
930 3869 1090 3946 Etruriae
1105 3871 1193 3944 ami-

210 3986 331 4065 citiam
363 3989 567 4089 petentibus
600 4015 680 4089 prae
712 3988 747 4064 se
777 3993 935 4066 Romam
964 3993 1011 4066 ad
1034 3989 1192 4068 senatum

210 4105 329 4196 millis,
363 4109 500 4199 consul,
533 4109 779 4211 praestantiore
797 4109 917 4200 etiam,
945 4137 1055 4210 quam
1082 4115 1191 4188 dieta-
