3067 5342
419 699 491 766 204
759 673 1072 750 T.L1v.tr

416 847 565 947 ginqua,
598 847 766 925 induxit:
811 849 1035 950 militemque
1072 849 1208 949 praeda
1240 844 1387 945 inplevit.

415 968 480 1040 Ad
494 965 634 1064 copiam
651 994 770 1044 rerum
786 969 928 1046 addidit
950 966 1254 1056 munificentiam,
1285 965 1388 1064 quod,

413 1084 505 1160 nihil
530 1087 568 1160 in
598 1087 788 1184 publicum
805 1088 1030 1180 secernendo,
1057 1087 1210 1189 augenti
1238 1111 1311 1160 rem
1326 1081 1388 1182 pri·

412 1226 529 1280 vatam
555 1205 662 1282 militi
679 1206 776 1284 favit.
826 1208 1042 1285 Privernates
1065 1237 1188 1309 quum
1205 1228 1286 1282 ante
1302 1230 1388 1278 moe·

412 1325 472 1402 nia
501 1325 561 1400 sua
586 1326 704 1402 castris
734 1327 943 1428 permunitis
971 1329 1234 1414 consediffent;
1268 1323 1389 1400 vocatis

411 1447 459 1520 ad
488 1445 700 1522 concionem
728 1447 917 1538 militibus,
961 1460 986 1492 “
1015 1449 1139 1524 Castra
1167 1449 1304 1534 nunc,”
1342 1443 1388 1516 in·

411 1565 503 1664 quit,
531 1577 556 1610 “
574 1566 676 1642 vobis
689 1567 859 1656 hostium,
892 1570 1091 1667 urbemque
1110 1569 1268 1666 praedae
1288 1566 1345 1652 do,
1367 1565 1387 1636 fi

412 1696 437 1731 “
455 1684 548 1761 mihi
576 1686 810 1785 pollicemini,
836 1715 898 1763 vos
925 1687 1060 1763 fortiter
1086 1688 1126 1762 in
1152 1685 1232 1763 acie
1256 1708 1387 1784 operam

411 1817 438 1852 “
456 1827 654 1895 navamros,
688 1834 754 1884 nec
782 1810 928 1907 praedae
954 1807 1078 1908 magis,
1114 1820 1143 1852 ‘⁶
1169 1833 1282 1908 quam
1306 1827 1386 1902 pug-

411 1937 437 1970 “
456 1953 535 2015 nae,
566 1948 703 2025 paratos
734 1931 836 2004 efl'e.''
885 1927 1036 2028 Signum
1067 1929 1226 2028 poscunt
1260 1919 1385 2024 ingenti

409 2049 579 2122 clamore:
611 2049 761 2147 celfique
788 2053 822 2122 δι
848 2046 907 2144 spe
932 2049 1030 2122 haud
1055 2049 1175 2124 dubia
1197 2047 1329 2122 feroces
1352 2039 1384 2113 in

408 2167 585 2265 proelium
613 2168 759 2241 vadunt.
810 2167 866 2242 Ibi
892 2190 972 2242 ante
1002 2171 1095 2268 signa
1128 2171 1215 2242 Sex.
1237 2160 1383 2248 Tullius,

408 2287 455 2360 de
481 2311 554 2384 quo
580 2307 661 2358 ante
691 2286 831 2362 didum
860 2287 922 2376 est,
948 2290 1147 2363 exclamate
1178 2299 1204 2334 “
1224 2281 1382 2381 Adspice,

408 2415 435 2448 “
453 2403 677 2502 impetator‚”
708 2404 840 2504 inquit,
875 2409 1237 2506 “quemadmodum
1259 2399 1383 2479 exerci-

408 2534 510 2598 “tus
539 2543 622 2598 tuus
645 2522 711 2600 tibi
733 2523 896 2623 promissa
917 2527 1105 2624 praestet:”
1135 2526 1286 2627 piloque
1303 2520 1381 2620 pofi·

406 2665 457 2731 to,
507 2640 625 2720 stricto
667 2643 787 2742 gladio
831 2643 868 2720 in
910 2647 1046 2722 hostem
1080 2646 1250 2746 inpetum
1295 2635 1379 2714 facit.

405 2766 611 2863 Sequuntur
627 2762 794 2838 Tullium
810 2765 1022 2865 antesignani
1039 2794 1181 2856 omnes,
1205 2762 1382 2864 primoque
1501 2777 1502 2856 ζ

405 2882 530 2982 inpetu
553 2905 705 2958 avertere
721 2885 875 2959 hostem:
904 2885 1022 2962 fusum
1040 2886 1123 2961 inde
1140 2888 1195 2960 ad
1214 2879 1380 2982 oppidum

404 3001 589 3102 persecuti,
604 3004 803 3101 quumjarn
818 3002 920 3080 scalas
934 3006 1123 3082 moenibus
1139 3008 1378 3082 admoverent,

405 3122 444 3198 in
477 3121 699 3220 deditionem
731 3127 859 3200 urbem
888 3146 1110 3222 acceperunt.
1164 3119 1379 3218 Triumphus

405 3244 452 3317 de
475 3241 737 3320 Privernatibus
763 3247 872 3319 aeus.
922 3247 983 3320 Ab
1009 3247 1117 3320 altero
1134 3243 1281 3321 consule
1299 3231 1378 3311 nihil

402 3361 630 3439 memorabile
646 3361 802 3460 gestumt
835 3361 897 3438 nisi
924 3365 1025 3462 quod
1041 3367 1172 3464 legem,
1208 3385 1303 3438 novo
1323 3378 1377 3428 ex·

403 3482 522 3578 emplo
535 3480 582 3553 ad
601 3480 758 3560 Sutrium
785 3481 824 3562 in
841 3482 957 3562 castris
974 3484 1137 3562 tributim
1160 3487 1208 3560 de
1226 3478 1377 3556 vicema

402 3625 539 3688 eorum,
595 3599 659 3698 qui
698 3601 1044 3692 manumitterentur,
1092 3604 1187 3680 tulit.
1255 3605 1374 3677 Patres,

401 3716 489 3817 quia
510 3745 553 3793 ea
573 3721 653 3819 lege
669 3722 768 3796 haud
787 3747 935 3819 parvum
960 3723 1110 3824 redigal
1131 3723 1233 3824 inopi
1255 3711 1375 3795 aerario

400 3839 565 3915 additum
582 3843 677 3930 effet,
704 3843 862 3916 auetores
879 3841 1035 3918 fuemnt.
1085 3849 1254 3921 Ceterum
1271 3835 1373 3912 tribu·

399 3960 439 4036 ni
454 3959 581 4060 plebis,
615 3981 780 4036 nontam
806 3963 898 4061 lege,
932 3988 1041 4061 quam
1070 3967 1248 4065 exemplu,
1277 3949 1371 4035 moti,

399 4079 549 4181 nequis
572 4081 693 4180 postea
707 4083 884 4182 populum
909 4081 1095 4175 sevocaret,
1123 4085 1237 4186 capite
1260 4077 1372 4156 sanxe-
