3067 5342
492 670 820 747 LrsnnV.
1085 693 1131 772 25

150 857 178 894 ‘⁸
197 849 292 926 tibus
320 843 358 922 in
384 848 600 948 magistratu,
647 877 722 927 non
755 853 877 948 posset
938 849 988 924 Et
1012 868 1132 924 tamen

149 981 177 1015 “
196 997 268 1058 eos,
306 991 360 1044 tot
386 969 534 1065 judiciis
577 969 751 1045 confollos
781 967 1131 1070 praedamnatosque,

149 1089 314 1164 “venire
334 1091 381 1164 ad
405 1089 530 1188 populi
541 1090 748 1187 judicium;
776 1095 811 1164 lle
831 1088 1042 1176 existimare,
1068 1091 1130 1162 de-

148 1221 177 1253 “
195 1209 336 1284 functos
371 1207 404 1282 se
437 1211 517 1298 esse,
560 1209 708 1309 satisque
746 1236 942 1308 poenarum
982 1208 1129 1296 dediffe,

148 1340 176 1372 “
194 1331 295 1428 quod
312 1329 455 1404 duobus
475 1333 650 1404 mensibus
674 1330 780 1406 citius
795 1329 921 1429 privati
944 1328 1027 1403 fasti
1048 1333 1128 1403 srnt:

147 1459 175 1492 “
193 1475 312 1548 neque
328 1447 536 1548 intelligere,
564 1449 718 1524 nocendi
732 1449 794 1526 fibi
809 1449 946 1525 diutius
964 1472 1044 1524 tum
1066 1474 1130 1548 po·

147 1579 175 1612 “
193 1569 352 1643 testatem
369 1576 524 1669 ereptam
553 1573 632 1659 else,
647 1599 729 1645 non
744 1598 897 1670 poenam
913 1570 1129 1669 inrogatam

145 1687 326 1788 “quippe
351 1693 385 1763 dc
412 1689 557 1790 collegis
590 1695 801 1792 abrogatum
821 1690 1025 1790 imperium,
1064 1689 1134 1789 qui

146 1819 173 1853 “
193 1831 285 1884 certe
299 1809 389 1884 nihil
407 1809 642 1910 deliquissent.
693 1814 776 1887 lllos
785 1833 980 1911 repeterent
989 1809 1127 1884 animos

145 1939 173 1973 “
192 1928 363 2030 Qtirites‚
388 1957 479 2029 quos
497 1931 629 2007 recenti
643 1933 744 2006 clade
761 1953 906 2030 accepta
915 1930 1127 2018 habuissent,

145 2059 308 2148 “quum
339 2049 426 2150 fuga
451 2051 646 2150 trepidum,
690 2054 838 2150 plenum
867 2051 1058 2126 vulnerum
1086 2077 1128 2126 ac

145 2179 318 2268 “pavore
344 2169 562 2244 incidentem
592 2170 701 2269 portis
727 2169 926 2245 exercitum
960 2170 1127 2259 viderint,

145 2299 171 2332 “
189 2317 263 2364 non
284 2289 462 2366 fortunam
476 2313 539 2366 aut
548 2317 771 2391 quemquam
785 2296 960 2380 Deorum,
986 2291 1046 2365 sed
1063 2294 1128 2366 hos

144 2411 299 2484 “duces
328 2409 565 2486 accusantem.
615 2415 685 2487 Pro
715 2433 811 2486 certo
833 2411 866 2486 se
893 2414 1035 2500 habere,
1065 2439 1127 2486 ne-

145 2540 170 2574 “
187 2529 325 2605 minem
335 2529 374 2605 in
385 2530 558 2606 concione
572 2531 670 2620 stare,
693 2532 757 2631 qui
768 2533 830 2608 illo
844 2533 903 2608 die
918 2561 990 2607 non
1004 2554 1126 2630 caput,

144 2661 169 2696 “
188 2654 354 2740 domum,
381 2649 608 2749 fortunasque
625 2655 671 2726 L.
688 2653 841 2753 Virginii
858 2680 899 2728 ac
921 2655 990 2727 Μ’.
1015 2651 1127 2752 Sergii

143 2775 228 2850 “fit
255 2770 450 2847 exsecratus
481 2772 751 2872 detestatusque.
808 2771 967 2847 Minime
997 2799 1126 2848 conve·

142 2903 168 2934 “
188 2893 276 2979 nire,
308 2891 442 2990 quibus
461 2892 565 2967 iratos
590 2891 741 2992 quisque
772 2895 869 2970 Deos
888 2915 1051 2991 precatus
1072 2897 1124 2982 lit,

142 3011 225 3084 “in
252 3012 296 3086 iis
322 3011 382 3088 sua
401 3013 582 3112 potestate,
608 3039 725 3111 quum
758 3011 863 3088 liceat
891 3017 926 3086 δι
953 3035 1124 3111 oporteat,

141 3141 168 3176 “
188 3157 262 3205 non
279 3131 344 3206 uti.
395 3137 610 3232 Numquam
631 3125 729 3208 Deos
749 3131 841 3231 ipsos
857 3133 1046 3208 admovere
1061 3161 1124 3208 no·

139 3263 167 3296 ‘⁴
187 3251 351 3328 centibus
370 3279 508 3328 manus.
558 3251 646 3327 Satis
668 3256 750 3342 else,
777 3257 800 3327 s1
818 3257 998 3328 occasione
1018 3251 1123 3328 ulcis·
1237 3273 1240 3279 ’

139 3383 166 3416 “
186 3373 293 3446 cendi
310 3372 416 3448 laesos
432 3377 603 3448 arment.'’

189 3495 274 3567 XII.
300 3492 373 3567 His
386 3493 605 3569 orationibus
623 3493 767 3570 incitata
783 3496 883 3593 plebs
903 3495 1004 3570 denis
1017 3495 1124 3570 milli·

135 3616 208 3687 bus
234 3612 321 3687 aeris
348 3613 462 3712 gravis
491 3639 567 3688 reos
600 3616 828 3703 condemnat,
876 3615 1124 3714 nequidquam

135 3733 262 3832 Sergio
291 3736 449 3808 Martem
482 3760 715 3809 communem
755 3735 838 3810 belli
868 3734 1122 3833 fortunamque

134 3853 335 3942 accusante,
363 3851 527 3953 Virginio
548 3856 773 3952 deprecante,
799 3881 844 3928 ne
864 3853 1041 3929 infelicior
1057 3857 1122 3928 do-

135 3973 202 4060 mi,
229 4000 340 4072 quarn
357 3973 518 4063 militiae,
544 3977 637 4050 effer.
688 3977 730 4050 ln
751 3977 816 4050 hos
832 3975 927 4050 versa
943 3975 993 4049 ira
1008 4000 1123 4074 popu-

137 4093 164 4169 li
181 4093 417 4194 cooptationis
436 4094 665 4172 tribunorum
685 4094 904 4196 fraudisque,
929 4117 1051 4172 contra
1074 4097 1123 4171 le-
