3067 5342
551 683 588 754 L
614 706 628 752 1
659 705 678 754 o
708 703 782 754 en
835 683 934 755 VIII.
1140 709 1208 782 311

224 861 315 932 bene
351 857 523 956 gerendae
557 855 606 932 rei
633 856 802 933 inductus
809 891 821 945 ς
856 855 1013 932 exercitu
1039 855 1209 936 nemeto

226 999 419 1076 paratoque
449 976 627 1075 profectus
656 980 702 1052 ad
736 978 965 1066 Imbrinium,
995 977 1060 1078 (ita
1080 1003 1209 1056 vocant

224 1099 363 1192 locum)
395 1097 469 1172 acie
487 1123 572 1172 curn
597 1097 816 1174 Samnitibus
838 1097 1011 1173 conflixit.
1062 1101 1116 1174 Ea
1138 1099 1207 1175 for-

225 1239 312 1292 tuna
337 1243 478 1317 pugnae
503 1216 584 1307 fuit,
615 1239 656 1292 ut
682 1217 772 1292 nihil
795 1217 958 1292 relietum
987 1221 1039 1305 srt,
1070 1245 1157 1318 quo,
1184 1226 1208 1296 sr

203 1337 388 1412 adfuisset
416 1337 578 1426 dictator,
613 1364 665 1412 res
682 1337 809 1411 melius
837 1336 910 1436 geri
931 1337 1101 1435 potuerit:
1132 1367 1206 1416 non

223 1459 301 1532 dux
319 1457 438 1546 militi,
463 1485 536 1532 non
550 1457 650 1532 miles
669 1457 754 1532 duci
772 1456 898 1532 defuit.
949 1459 1070 1557 Eques
1083 1459 1204 1550 etiam,

221 1581 368 1653 auctore
402 1581 449 1652 L.
473 1578 643 1653 Cominio
673 1577 820 1653 tribuno
847 1576 1018 1665 militum,
1048 1579 1112 1678 qui
1142 1580 1206 1654 ali-

221 1697 361 1797 quoties
376 1699 498 1798 inpetu
517 1720 621 1797 capto
637 1723 863 1798 perrumpere
880 1724 954 1771 non
975 1719 1111 1797 poterat
1126 1700 1205 1777 hos-

221 1818 313 1894 tium
344 1845 486 1920 agmen,
521 1817 672 1894 detraxit
704 1817 819 1892 frenos
851 1817 980 1917 equis;
1014 1841 1121 1919 atque
1154 1821 1203 1897 ita

221 1939 416 2014 concitatos
450 1938 642 2015 calcaribus
675 1939 840 2038 permisrt,
871 1959 914 2013 ut
946 1938 1110 2016 sustinere
1143 1969 1203 2017 eos
1315 1959 1320 1968 “

221 2061 319 2134 nulla
334 2059 386 2134 vis
399 2062 520 2159 posset.
562 2063 638 2134 ‚Per
649 2085 755 2147 arma,
780 2086 843 2158 per
859 2059 951 2134 viros
967 2062 1035 2135 late
1051 2061 1202 2162 stragem

220 2181 360 2254 dedere.
410 2183 559 2256 Secutus
587 2182 695 2277 pedes
725 2177 887 2277 inpetum
916 2178 1096 2278 equitum,
1126 2201 1200 2256 tur-

220 2298 310 2374 batis
332 2298 492 2374 hostibus
513 2300 634 2374 intulit
656 2305 760 2400 figna.
812 2300 950 2401 Viginti
981 2301 1092 2376 millia
1121 2299 1199 2376 hos-

220 2418 312 2494 tium
345 2416 441 2493 caesa
457 2445 500 2493 eo
525 2419 585 2494 die
619 2423 816 2496 traduntur.
866 2424 1041 2496 Auctores
1069 2424 1197 2510 habe0,

220 2537 273 2614 bis
297 2565 382 2614 cum
411 2539 509 2614 hoste
541 2543 634 2640 srgna
660 2543 810 2629 conlata,
844 2543 1011 2615 dietatore
1044 2542 1202 2632 absente,

218 2660 272 2736 bis
304 2687 379 2734 rem
413 2659 552 2760 egregie
588 2661 731 2760 gestam.
798 2662 912 2760 Apud
943 2659 1198 2758 antiquiffimos
1247 2745 1257 2768 .

219 2777 401 2878 scriptores
422 2807 495 2855 una
517 2783 604 2856 haec
630 2807 751 2881 pugna
768 2781 961 2856 invenitur:
996 2779 1034 2853 in
1050 2781 1196 2880 quibus-

217 2902 300 2974 dam
314 2899 500 2974 annalibus
510 2921 583 2975 tota
599 2927 651 2976 res
667 2900 900 3001 praetermissa
915 2901 975 2974 est.
1025 2900 1198 3000 Magister

217 3020 395 3118 equitum,
429 3043 471 3094 ut
495 3047 539 3094 ex
556 3042 651 3094 tanta
667 3022 788 3108 caede,
815 3019 938 3094 multis
960 3020 1095 3118 potitus
1118 3019 1196 3120 spo·
1237 3055 1246 3072 ·

215 3139 286 3228 liis,
318 3141 484 3240 congesta
505 3139 543 3215 in
566 3139 748 3240 ingentem
764 3167 930 3215 acervum
946 3139 1085 3216 hostilia
1099 3168 1196 3216 arma

216 3260 358 3336 subdito
376 3260 458 3360 igne
469 3261 722 3336 concremavit:
754 3260 813 3335 seu
830 3281 955 3334 votum
969 3260 1009 3334 id
1031 3263 1194 3336 Deorum

214 3381 371 3480 cuipiam
388 3380 475 3469 suit3
506 3380 563 3455 seu
587 3383 727 3456 credere
744 3380 833 3455 libet
848 3379 960 3455 Fabio
975 3379 1124 3469 auctori,
1149 3407 1193 3456 eo

215 3501 364 3589 fadum,
389 3528 433 3590 ne
462 3500 542 3575 suae
572 3500 701 3600 gloriae
731 3499 887 3575 frudum
920 3496 1069 3574 dictator
1090 3526 1192 3599 eape-

214 3641 280 3710 ret,
313 3647 518 3719 nomenque
548 3619 600 3694 ibi
630 3619 805 3707 scriberet,
847 3641 908 3693 aut
933 3617 1041 3719 spolia
1067 3618 1106 3693 in
1131 3620 1192 3694 tri-

215 3743 352 3838 umpho
381 3739 495 3814 ferret.
545 3738 685 3814 Literae
716 3765 862 3838 quoque
895 3739 941 3812 de
970 3765 1006 3814 re
1031 3737 1190 3838 prospere

214 3861 309 3962 gesta
339 3861 386 3936 ad
419 3858 590 3948 senatum,
624 3887 697 3934 non
727 3861 775 3933 ad
807 3859 1028 3946 dictatorcm,
1056 3857 1189 3946 miffae,

213 4001 463 4080 argumentum
484 3979 581 4054 fuere
599 3979 747 4056 minime
765 4005 849 4054 cum
863 4005 906 4052 eo
923 3977 1190 4052 communican-

214 4101 258 4176 tis
282 4103 413 4178 laudes.
464 4102 517 4176 Ita
539 4101 798 4176 certe-dictator
814 4097 854 4172 id
879 4097 1013 4172 fartum
1038 4097 1188 4195 aceepit,
