3067 5342
483 716 711 788 Lraun
762 715 844 787 vll.
1081 736 1150 824 245

169 903 381 991 mitteretur,
394 927 469 1000 quo
479 903 693 980 Samnitium
706 905 929 979 excurfiones
939 921 1147 977 arcerentur.

167 1025 251 1118 Jam
285 1042 363 1096 tum
394 1021 542 1098 minime
583 1022 726 1098 salubris
767 1021 910 1097 militari
944 1020 1148 1118 disciplinae

166 1143 293 1240 Capua
314 1141 546 1216 instrumento
565 1141 731 1216 omnium
754 1141 991 1240 voluptatium
1012 1140 1144 1214 deleni-

167 1281 224 1334 tos
247 1260 404 1334 militum
433 1260 570 1334 animos
598 1261 723 1335 avertit
749 1287 771 1334 a
797 1259 966 1334 memoria
994 1259 1143 1358 patriae:

167 1378 422 1478 inibanturque
454 1378 595 1454 consilia
620 1378 657 1453 in
682 1378 839 1455 hibernis
867 1380 994 1452 eodem
1020 1378 1144 1452 scelere

165 1497 376 1573 adimendae
394 1497 584 1597 Campanis
609 1501 764 1596 Capuae,
789 1522 853 1593 per
877 1499 976 1595 quod
998 1497 1047 1571 illi
1066 1523 1144 1571 eam

165 1617 323 1717 antiquis
339 1617 536 1693 cultoribus
551 1617 774 1691 ademiffent:
801 1627 827 1661 “
846 1641 961 1713 neque
979 1615 1144 1693 inmerito

167 1747 193 1781 “
211 1736 316 1811 suum
347 1736 504 1836 ipsorum
537 1737 743 1835 exemplum
782 1735 820 1809 in
861 1761 921 1808 eos
953 1735 1144 1810 versurum.

166 1866 192 1900 “
211 1859 287 1931 Cur
301 1874 422 1932 autem
438 1852 557 1956 potius
573 1854 746 1952 Campani
762 1879 887 1953 agrum
904 1855 1022 1930 Italiae
1040 1859 1143 1930 uber·

166 1985 192 2018 “
210 1975 356 2064 timum,
374 1974 521 2074 dignam
537 1999 622 2074 agro
638 1977 778 2061 urbem,
796 1973 859 2071 qui
876 2001 941 2049 nec
958 1973 990 2048 se
1006 2000 1070 2047 nec
1084 1973 1144 2048 sua

169 2104 195 2140 ‘⁸
212 2093 317 2168 tutari
343 2097 481 2192 poffint,
512 2119 621 2191 quam
645 2091 759 2166 vidior
789 2093 963 2168 exercitus
988 2095 1144 2181 haberet,

76 2257 82 2268 ·
168 2223 197 2257 “
214 2211 278 2310 qui
297 2212 359 2287 suo
374 2211 498 2286 sudore
509 2237 551 2286 ac
561 2209 729 2309 sanguine
746 2209 830 2285 inde
843 2211 1015 2287 Samnites
1032 2216 1144 2312 depu-

170 2342 197 2377 “
214 2331 327 2406 liffet?
357 2336 418 2405 An
433 2355 591 2428 aequum
608 2331 687 2417 effe,
706 2329 896 2406 dediticios
911 2331 989 2406 suos
1005 2333 1062 2406 illa
1078 2330 1145 2406 fer-

167 2462 195 2496 “
212 2449 338 2525 tilitate
354 2470 461 2549 atque
476 2447 688 2522 amoenitate
703 2447 836 2547 perfrui
846 2483 858 2537 3
885 2451 931 2540 se,
951 2451 1144 2526 militando

170 2581 196 2615 “
213 2568 329 2657 feffos,
344 2567 380 2642 in
393 2565 575 2666 pestilente
587 2587 695 2665 atque
710 2567 809 2643 arido
827 2568 919 2644 circa
933 2573 1059 2645 urbem
1074 2570 1146 2645 solo

169 2701 195 2736 ‘⁸
211 2689 352 2776 luctari,
367 2707 430 2765 aut
446 2688 484 2762 in
500 2689 588 2761 urbe
605 2685 812 2762 infidentem
829 2691 947 2762 tabem
965 2688 1147 2764 crescentis

170 2819 197 2854 ‘⁶
214 2807 255 2882 in
279 2807 355 2882 dies
379 2804 532 2880 foenoris
561 2804 631 2902 pati
646 2807 683 2880 ?''
712 2806 817 2880 Haec
842 2805 972 2904 agitata
997 2807 1147 2882 occultis

168 2925 485 3025 conjurationibus,
510 2926 667 2998 necdum
693 2926 837 3022 vulgata
862 2924 900 2997 in
922 2951 1045 3000 omnes
1062 2951 1147 3001 con-

167 3047 254 3134 filia,
279 3045 417 3120 invenit
442 3068 557 3117 nouus
581 3041 704 3116 consul
732 3043 776 3116 C.
803 3043 964 3118 Marcius
988 3045 1148 3132 Rutilus,

169 3166 232 3242 cui
245 3163 441 3262 Campania
452 3161 541 3236 sorte
557 3159 741 3259 prouincia
755 3183 930 3250 evenerat,
944 3162 1150 3264 QServilio

169 3285 307 3384 collega
330 3285 377 3357 ad
403 3284 529 3356 urbem
556 3279 689 3356 relido.
739 3283 863 3378 Itaque
890 3305 1005 3378 quum
1029 3283 1152 3358 omnia

169 3430 224 3493 ea,
248 3407 337 3477 licut
348 3400 444 3501 gesta
457 3419 570 3487 eraut,
596 3425 658 3497 per
673 3398 834 3492 tribunos
849 3424 1028 3499 comperta
1044 3405 1151 3478 habe·

169 3544 237 3610 ret,
253 3521 291 3593 δι
305 3541 415 3596 aetate
433 3525 467 3594 δι
484 3518 548 3594 usu
567 3521 694 3594 doetus
713 3519 862 3618 (quippe
880 3521 944 3619 qui
955 3522 1029 3617 jam
1048 3548 1153 3620 quar-

170 3662 250 3716 tum
279 3639 404 3716 consul
429 3640 523 3726 effet‚
553 3638 776 3737 dic'latorque
809 3639 990 3714 &censor
1020 3637 1151 3735 fuiffet)

170 3760 351 3858 optimum
371 3778 477 3845 ratus,
501 3757 698 3832 differendo
715 3757 826 3856 spem,
850 3761 1153 3858 quandocumque

172 3882 318 3966 vellent,
344 3875 476 3954 consilii
509 3875 738 3973 exsequendi,
778 3876 966 3951 militarem
992 3877 1155 3976 inpetum

176 3996 352 4084 frustrari3
377 4021 556 4071 tumorem
582 3997 732 4095 diffipat‚
758 3995 796 4069 in
823 3994 947 4070 iisdem
964 3997 1156 4095 oppidis&

177 4142 269 4193 auno
298 4118 379 4218 post
410 4113 578 4217 praesidia
608 4113 844 4191 hibernatura.
909 4115 1031 4192 Divisa
1061 4115 1157 4193 enim
