3067 5342
367 670 415 745 90
707 644 1025 721 T.L1v11

365 832 392 865 “
409 820 502 919 quid
517 820 563 895 de
579 820 754 897 ancilibus
767 820 901 910 velbis,
928 822 1029 895 Mars
1043 819 1213 908 Gradive,
1230 839 1345 919 tuque

366 951 392 984 “
411 938 562 1042 Q1irine
585 944 704 1040 pater?
734 942 821 1015 hacc
849 942 971 1015 omnia
1000 941 1038 1015 in
1060 940 1207 1040 profano
1235 938 1345 1014 deseri

366 1071 393 1106 ‘⁴
409 1063 526 1159 placet
541 1060 646 1149 sacra,
668 1060 829 1159 aequalia
845 1060 940 1149 urbi,
966 1062 1142 1159 quaedam
1159 1057 1349 1135 vetustiora

366 1180 549 1281 “origine
580 1180 705 1256 urbis?
737 1184 786 1255 Et
815 1180 946 1268 videte,
976 1180 1067 1279 quid
1092 1179 1184 1253 inter
1213 1205 1277 1255 nos
1305 1206 1348 1258 ac

365 1303 557 1399 “majores
583 1300 723 1376 intersit.
773 1301 828 1376 Illi
850 1300 943 1377 sacra
967 1302 1143 1399 quaedam
1164 1299 1202 1375 in
1224 1320 1346 1374 monte

367 1432 394 1465 “
412 1423 557 1497 Albano
572 1420 799 1519 Lavinioque
815 1421 918 1498 nobis
937 1420 1100 1497 facienda
1115 1419 1347 1495 tradiderunt.

367 1546 473 1615 “An
493 1567 538 1615 ex
563 1540 719 1615 hostium
735 1540 885 1617 urbibus
906 1544 1064 1615 Romam
1083 1542 1129 1615 ad
1151 1566 1216 1615 nos
1241 1538 1347 1615 trans-

367 1673 392 1706 “
408 1660 488 1736 ferri
510 1660 603 1737 sacra
618 1659 822 1761 religiosum
841 1660 927 1735 suit:
957 1660 1043 1735 hinc
1060 1664 1130 1735 fine
1144 1659 1286 1759 piaculo
1309 1659 1347 1733 in

366 1793 392 1827 “
410 1780 567 1856 hostium
601 1784 727 1856 urbem
758 1782 865 1878 Vejos
894 1780 1166 1857 transferemus?
1211 1783 1348 1857 Recor-

366 1912 392 1945 “
411 1900 562 1989 damini,
588 1900 786 1999 agitedum,
816 1898 957 1998 quoties
983 1898 1076 1975 sacra
1098 1900 1346 1989 instaurentur,

368 2032 393 2065 “
412 2018 498 2118 quia
519 2019 659 2117 aliquid
681 2046 726 2093 ex
745 2018 859 2119 patrio
885 2018 954 2093 ritu
981 2020 1204 2120 neglegentia
1223 2019 1348 2096 casuve

367 2152 393 2185 “
412 2138 689 2239 praetennillum
701 2139 763 2214 est.
814 2140 935 2213 Modo
948 2164 1039 2238 quac
1057 2166 1123 2229 res,
1139 2140 1217 2239 poll
1228 2140 1348 2241 prodi·

366 2270 393 2305 ‘⁴
411 2259 514 2358 gium
542 2259 676 2335 Albani
704 2261 814 2347 lacus,
845 2259 907 2333 nisi
938 2258 1142 2334 instauratio
1171 2258 1348 2335 sacrorum

364 2389 393 2422 ⁴‘
411 2376 722 2477 auspiciorumque
763 2377 957 2467 renovatio,
1007 2379 1165 2455 adseclae
1207 2378 1349 2476 Vejenti

367 2509 393 2543 “
412 2500 505 2573 bello
522 2496 736 2595 reipublicae
752 2498 912 2573 remedio
928 2498 1024 2573 fuit?
1054 2504 1107 2574 At
1118 2499 1239 2587 etiarn,
1256 2519 1347 2573 tam-

367 2630 393 2663 “
411 2645 521 2718 quam
547 2639 707 2693 veterum
733 2619 945 2718 religionum
975 2646 1162 2709 memores,
1187 2620 1222 2693 dc
1247 2643 1348 2715 pere·

277 2796 282 2801 .
366 2749 392 2781 “
411 2739 530 2838 grinos
551 2741 648 2813 Deos
667 2738 907 2815 transtulimus
934 2742 1106 2828 Romam,
1136 2744 1170 2815 &
1194 2738 1348 2812 institui·

368 2868 393 2901 “
411 2884 493 2933 mus
509 2884 631 2932 novos.
681 2861 780 2953 Juno
809 2858 964 2958 Regina,
989 2858 1178 2935 transvesla
1197 2886 1218 2933 a
1235 2857 1344 2953 Vejis,

367 2988 525 3077 “nuper
545 2977 582 3051 in
606 2979 788 3053 Aventino
813 3003 922 3077 quam
947 2978 1071 3079 insigni
1098 2982 1147 3055 ob
1172 2979 1349 3053 excellens

367 3108 651 3173 “matronarum
677 3098 837 3173 studium
868 3098 1071 3198 celebrique
1103 3097 1267 3173 dedicata
1297 3098 1352 3173 est

365 3228 393 3261 ‘⁸
411 3216 497 3291 die?
530 3218 602 3313 Ajo
616 3217 775 3293 [neutio
791 3220 980 3317 templum,
1005 3238 1147 3317 propter
1163 3216 1350 3292 coelestem

367 3346 394 3380 “
409 3362 538 3409 vocem
561 3336 766 3411 exauditam
794 3337 832 3412 in
859 3342 965 3413 Nova
981 3338 1050 3427 via,
1071 3338 1235 3435 jussimus
1249 3336 1348 3411 fieri:

367 3464 393 3497 “
412 3452 632 3550 Capitolinos
655 3456 760 3529 ludos
779 3455 1007 3533 sollemnibus
1029 3457 1105 3533 aliis
1121 3456 1349 3545 addidimus;

366 3571 678 3672 “collegiumque
710 3576 756 3648 ad
788 3576 827 3649 id
860 3603 1009 3666 novum,
1040 3580 1181 3653 auslore
1211 3577 1347 3667 senatu,

365 3706 392 3739 “
411 3690 651 3769 condidimus.
701 3695 804 3797 Qrid
821 3698 950 3771 horum
964 3723 1054 3795 opus
1071 3697 1140 3771 fuit
1156 3696 1296 3796 suscipi,
1325 3701 1348 3772 fi

364 3826 584 3892 “unacum
605 3814 717 3889 Gallis
733 3818 861 3891 urbem
879 3819 1082 3892 Romanam
1103 3818 1258 3893 relicturi
1279 3817 1350 3893 sui-

366 3947 392 3981 “
410 3938 517 4011 mus?
544 3938 568 4009 fi
595 3961 669 4009 non
690 3937 872 4012 voluntate
900 3941 1089 4013 manfimus
1108 3938 1145 4012 in
1169 3938 1348 4038 Capitolio

365 4066 391 4097 ‘⁴
408 4080 471 4153 per
487 4074 541 4131 tot
556 4053 689 4131 menses
709 4054 927 4131 obsidionis?
954 4060 977 4131 fi
994 4060 1040 4134 ab
1063 4057 1223 4135 hostibus
1249 4079 1349 4133 metu
