3067 5342
510 653 739 726 Lrann
796 631 878 728 VII.
1109 655 1170 728 181

195 829 253 923 (ut
269 822 379 898 ferme
392 823 564 924 principia
580 825 716 921 omnia)
736 831 771 902 ὅτ
788 853 829 901 ea
845 825 916 924 ipsa
925 823 1171 925 peregrinares

193 943 275 1018 fuit.
324 942 406 1019 Sine
423 946 577 1020 carmine
592 948 680 1035 ullo,
696 950 764 1020 fine
780 945 1036 1020 imitandorum
1047 945 1171 1020 carmi·

192 1091 283 1139 num
297 1067 392 1152 actu,
408 1065 573 1140 ludiones
585 1093 630 1140 ex
647 1066 791 1141 Etruria
806 1064 928 1153 adciti,
952 1066 998 1139 ad
1015 1065 1172 1140 tibicinis

192 1185 322 1258 modos
335 1184 507 1274 saltantes,
522 1187 619 1260 haud
633 1185 818 1259 indecoros
835 1205 954 1259 motus
965 1210 1062 1259 more
1079 1185 1170 1259 Tus-

192 1329 236 1378 co
263 1306 406 1379 dabant.
455 1304 590 1379 Imitari
616 1304 747 1378 deinde
777 1330 836 1378 eos
852 1305 1035 1400 juventus,
1069 1308 1169 1379 simul

193 1423 386 1498 inconditis
412 1423 502 1499 inter
527 1424 561 1498 se
585 1423 757 1521 jocularia
788 1424 978 1498 fundentes
1006 1429 1170 1515 versrbus‚

192 1569 359 1641 coepere3
377 1570 442 1620 nec
458 1543 579 1618 absoni
596 1571 617 1617 a
631 1570 720 1618 voce
736 1565 857 1618 motus
873 1564 981 1618 erant.
1031 1549 1170 1643 Accep-

192 1684 228 1736 ta
239 1662 359 1762 itaque
377 1691 430 1738 res
446 1662 649 1762 saepiusque
664 1663 868 1763 usurpando
884 1662 1044 1739 excitata
1085 1667 1170 1739 Ver-

193 1783 328 1858 naculis
343 1782 551 1871 artificibus,
577 1782 663 1880 quia
684 1783 790 1857 hister
808 1783 930 1858 Tusco
946 1788 1054 1859 verbo
1070 1785 1171 1860 ludio

192 1905 397 1992 vocabatur,
416 1929 548 1977 nomen
560 1903 789 1978 histrionibus
803 1903 980 1977 inditum:
1002 1903 1170 2003 quinon,

193 2026 281 2096 ficut
301 2046 395 2110 ante,
423 2021 643 2099 Fescennino
664 2022 762 2097 versu
787 2023 933 2097 fimilem
960 2023 1169 2121 incomposi-

193 2164 271 2217 tum
285 2163 414 2217 temere
431 2171 472 2217 ac
485 2145 611 2217 rudem
621 2142 761 2217 alternis
769 2142 970 2238 jaciebant3
985 2143 1046 2218 sed
1057 2143 1170 2243 inple-

193 2285 244 2340 tas
260 2262 378 2336 modis
395 2261 535 2351 saturas,
554 2261 811 2360 descriptojam
825 2264 871 2336 ad
888 2261 1074 2338 tibicinem
1088 2290 1169 2340 can-

193 2404 246 2470 tu,
260 2405 436 2481 motuque
449 2381 660 2481 congruenti
676 2384 901 2480 peragebant.
951 2382 1080 2458 Livius
1092 2385 1171 2482 post

193 2501 330 2600 aliquot
345 2529 468 2591 annos,
496 2501 561 2600 qui
575 2506 620 2577 ab
637 2500 757 2575 saturis
774 2501 875 2575 ausus
893 2501 942 2575 est
960 2502 1096 2600 primus
1118 2532 1169 2578 ar-

193 2645 366 2722 gumento
389 2621 545 2698 fabulam
562 2621 683 2708 serere,
713 2620 827 2718 (idem
845 2621 989 2711 scilicet,
1013 2622 1052 2696 id
1069 2627 1171 2720 quod

192 2768 317 2816 omnes
339 2764 418 2815 tum
439 2763 548 2828 erant,
575 2741 717 2816 suorum
734 2740 933 2815 carminum
950 2743 1060 2836 actor)
1081 2741 1169 2817 dici-

192 2881 262 2952 tur,
293 2886 409 2960 quum
435 2861 569 2959 saepius
601 2884 783 2936 revocatus
811 2887 937 2935 vocem
965 2860 1169 2950 obtudiffet‚

191 2981 295 3056 venia
308 2981 417 3080 petita
433 3006 586 3078 puerum
602 2982 648 3054 ad
665 2983 868 3056 canendum
887 3005 966 3056 ante
983 2981 1168 3058 tibicinem

192 3127 307 3199 quum
323 3101 502 3190 statuisset,
529 3100 709 3175 canticum
722 3100 828 3198 egisse
850 3101 1032 3200 aliquanto
1056 3102 1168 3202 magis

192 3221 334 3320 vigente
359 3242 475 3309 motu,
509 3219 594 3320 quia
619 3219 708 3294 nihil
730 3221 828 3295 vocis
853 3221 935 3296 usus
953 3221 1169 3319 inpediebat.

192 3343 280 3416 Inde
310 3343 355 3414 ad
384 3366 532 3415 manum
565 3339 695 3414 cantari
728 3340 956 3416 histrionibus
986 3363 1167 3440 coeptum,

191 3459 421 3557 diverbiaque
448 3481 587 3533 tantum
610 3458 766 3557 ipsorum
787 3461 868 3558 toci
891 3461 1020 3536 relicta
1070 3463 1167 3536 Post-

193 3609 301 3680 quam
321 3583 398 3680 lege
425 3583 491 3656 hac
511 3580 713 3656 fabularum
738 3584 784 3655 ab
811 3580 878 3654 risu
896 3607 936 3654 ac
959 3581 1072 3656 soluto
1083 3583 1169 3678 joco

193 3727 244 3775 res
260 3703 484 3788 avocabatur,
508 3705 542 3775 br
559 3701 665 3774 ludus
682 3699 720 3774 in
733 3721 843 3774 artem
859 3701 1041 3799 paullatim
1057 3725 1168 3776 verte-

192 3845 261 3911 rat3
271 3823 455 3919 juventus,
472 3818 701 3894 histrionibus
716 3819 922 3893 fabellarum
936 3823 1014 3893 adu
1033 3822 1168 3910 felino,

193 3939 264 4038 ipsa
279 3941 370 4016 inter
382 3940 415 4015 se
429 3968 526 4015 more
543 3939 691 4038 antiquo
708 3939 859 4014 ridicula
869 3940 1003 4016 intexta
1016 3945 1168 4016 versrbus

186 4061 342 4155 jaditare
372 4060 507 4158 coepit:
536 4086 625 4158 quae
649 4060 732 4134 inde
756 4059 886 4134 exodia
910 4062 1029 4158 postea
1048 4064 1167 4161 adpel-
