<?xml version="1.0" encoding="UTF-8"?>
<!DOCTYPE html PUBLIC "-//W3C//DTD XHTML 1.0 Transitional//EN"
    "http://www.w3.org/TR/xhtml1/DTD/xhtml1-transitional.dtd">
<html xmlns="http://www.w3.org/1999/xhtml" xml:lang="en" lang="en">
 <head>
  <title>
</title>
<meta http-equiv="Content-Type" content="text/html;charset=utf-8" />
  <meta name='ocr-system' content='tesseract 3.04.00' />
  <meta name='ocr-capabilities' content='ocr_page ocr_carea ocr_par ocr_line ocrx_word'/>
</head>
<body>
  <div class='ocr_page' id='page_1' title='image "./tliviipatavinih00homegoog_0092.png"; bbox 0 0 3067 5342; ppageno 0'>
   <div class='ocr_carea' id='block_1_1' title="bbox 369 710 1016 805">
    <p class='ocr_par' dir='ltr' id='par_1_1' title="bbox 369 710 1016 805">
     <span class='ocr_line' id='line_1_1' title="bbox 369 710 1016 805; baseline -0.009 -18"><span class='ocrx_word' id='word_1_1' title='bbox 369 714 418 805; x_wconf 89' lang='lat'>84</span> <span class='ocrx_word' id='word_1_2' title='bbox 699 710 1016 783; x_wconf 54' lang='lat' dir='ltr'>TtLrvrr</span> 
     </span>
    </p>
   </div>
   <div class='ocr_carea' id='block_1_2' title="bbox 326 874 1353 1940">
    <p class='ocr_par' dir='ltr' id='par_1_2' title="bbox 326 874 1353 1940">
     <span class='ocr_line' id='line_1_2' title="bbox 370 874 1348 983; baseline -0.009 -24"><span class='ocrx_word' id='word_1_3' title='bbox 370 881 591 982; x_wconf 86' lang='lat' dir='ltr'>tribunisque</span> <span class='ocrx_word' id='word_1_4' title='bbox 614 882 771 959; x_wconf 90' lang='lat' dir='ltr'>militum</span> <span class='ocrx_word' id='word_1_5' title='bbox 795 881 981 983; x_wconf 85' lang='lat' dir='ltr'>negotium</span> <span class='ocrx_word' id='word_1_6' title='bbox 1004 880 1143 967; x_wconf 79' lang='lat' dir='ltr'>danim,</span> <span class='ocrx_word' id='word_1_7' title='bbox 1174 897 1215 952; x_wconf 92' lang='lat' dir='ltr'>ut</span> <span class='ocrx_word' id='word_1_8' title='bbox 1239 874 1348 975; x_wconf 87' lang='lat' dir='ltr'>pacis-</span> 
     </span>
     <span class='ocr_line' id='line_1_3' title="bbox 371 994 1349 1103; baseline -0.009 -25"><span class='ocrx_word' id='word_1_9' title='bbox 371 1024 543 1079; x_wconf 89' lang='lat' dir='ltr'>cerentur.</span> <span class='ocrx_word' id='word_1_10' title='bbox 593 1003 681 1077; x_wconf 90' lang='lat' dir='ltr'>Inde</span> <span class='ocrx_word' id='word_1_11' title='bbox 693 1001 782 1077; x_wconf 87' lang='lat' dir='ltr'>inter</span> <span class='ocrx_word' id='word_1_12' title='bbox 799 998 1061 1103; x_wconf 77' lang='lat' dir='ltr'>QSulpicium</span> <span class='ocrx_word' id='word_1_13' title='bbox 1078 997 1264 1072; x_wconf 89' lang='lat' dir='ltr'>tribunum</span> <span class='ocrx_word' id='word_1_14' title='bbox 1281 994 1349 1070; x_wconf 88' lang='lat' dir='ltr'>rni-</span> 
     </span>
     <span class='ocr_line' id='line_1_4' title="bbox 326 1113 1350 1220; baseline -0.008 -24"><span class='ocrx_word' id='word_1_15' title='bbox 326 1130 331 1137; x_wconf 86' lang='lat'>&#39;</span> <span class='ocrx_word' id='word_1_16' title='bbox 370 1122 477 1196; x_wconf 89' lang='lat' dir='ltr'>litum</span> <span class='ocrx_word' id='word_1_17' title='bbox 494 1126 529 1195; x_wconf 73' lang='grc' dir='ltr'>δι</span> <span class='ocrx_word' id='word_1_18' title='bbox 553 1124 732 1196; x_wconf 86' lang='lat' dir='ltr'>Brennum</span> <span class='ocrx_word' id='word_1_19' title='bbox 755 1124 919 1220; x_wconf 85' lang='lat' dir='ltr'>regulum</span> <span class='ocrx_word' id='word_1_20' title='bbox 946 1121 1132 1195; x_wconf 83' lang='lat' dir='ltr'>Gallorum</span> <span class='ocrx_word' id='word_1_21' title='bbox 1155 1113 1350 1213; x_wconf 91' lang='lat' dir='ltr'>conloquio</span> 
     </span>
     <span class='ocr_line' id='line_1_5' title="bbox 371 1236 1351 1338; baseline -0.008 -21"><span class='ocrx_word' id='word_1_22' title='bbox 371 1241 538 1317; x_wconf 67' lang='lat' dir='ltr'>transacta</span> <span class='ocrx_word' id='word_1_23' title='bbox 554 1265 607 1314; x_wconf 89' lang='lat' dir='ltr'>res</span> <span class='ocrx_word' id='word_1_24' title='bbox 627 1240 689 1328; x_wconf 91' lang='lat' dir='ltr'>est,</span> <span class='ocrx_word' id='word_1_25' title='bbox 719 1245 753 1314; x_wconf 81' lang='grc' dir='ltr'>δι</span> <span class='ocrx_word' id='word_1_26' title='bbox 771 1240 869 1316; x_wconf 90' lang='lat' dir='ltr'>mille</span> <span class='ocrx_word' id='word_1_27' title='bbox 886 1242 1008 1338; x_wconf 90' lang='lat' dir='ltr'>pondo</span> <span class='ocrx_word' id='word_1_28' title='bbox 1025 1236 1100 1312; x_wconf 94' lang='lat' dir='ltr'>auri</span> <span class='ocrx_word' id='word_1_29' title='bbox 1118 1236 1271 1336; x_wconf 90' lang='lat' dir='ltr'>pretium</span> <span class='ocrx_word' id='word_1_30' title='bbox 1287 1262 1351 1335; x_wconf 90' lang='lat' dir='ltr'>po·</span> 
     </span>
     <span class='ocr_line' id='line_1_6' title="bbox 371 1355 1351 1463; baseline -0.007 -27"><span class='ocrx_word' id='word_1_31' title='bbox 371 1361 449 1463; x_wconf 92' lang='lat' dir='ltr'>puli</span> <span class='ocrx_word' id='word_1_32' title='bbox 466 1359 633 1461; x_wconf 87' lang='lat' dir='ltr'>gentibus</span> <span class='ocrx_word' id='word_1_33' title='bbox 649 1386 737 1435; x_wconf 83' lang='lat' dir='ltr'>mox</span> <span class='ocrx_word' id='word_1_34' title='bbox 754 1360 958 1458; x_wconf 85' lang='lat' dir='ltr'>imperaturi</span> <span class='ocrx_word' id='word_1_35' title='bbox 976 1359 1121 1433; x_wconf 66' lang='lat' dir='ltr'>fretum.</span> <span class='ocrx_word' id='word_1_36' title='bbox 1171 1356 1256 1445; x_wconf 92' lang='lat' dir='ltr'>Rei,</span> <span class='ocrx_word' id='word_1_37' title='bbox 1277 1355 1351 1429; x_wconf 89' lang='lat' dir='ltr'>soe·</span> 
     </span>
     <span class='ocr_line' id='line_1_7' title="bbox 372 1477 1353 1579; baseline -0.008 -22"><span class='ocrx_word' id='word_1_38' title='bbox 372 1483 527 1557; x_wconf 82' lang='lat' dir='ltr'>diffimae</span> <span class='ocrx_word' id='word_1_39' title='bbox 544 1507 606 1579; x_wconf 92' lang='lat' dir='ltr'>per</span> <span class='ocrx_word' id='word_1_40' title='bbox 631 1479 678 1568; x_wconf 89' lang='lat' dir='ltr'>se,</span> <span class='ocrx_word' id='word_1_41' title='bbox 714 1481 849 1577; x_wconf 67' lang='lat' dir='ltr'>adjesta</span> <span class='ocrx_word' id='word_1_42' title='bbox 866 1478 1057 1579; x_wconf 83' lang='lat' dir='ltr'>indignitas</span> <span class='ocrx_word' id='word_1_43' title='bbox 1080 1478 1139 1552; x_wconf 89' lang='lat' dir='ltr'>est.</span> <span class='ocrx_word' id='word_1_44' title='bbox 1189 1477 1353 1551; x_wconf 91' lang='lat' dir='ltr'>Pondera</span> 
     </span>
     <span class='ocr_line' id='line_1_8' title="bbox 371 1595 1350 1697; baseline -0.006 -22"><span class='ocrx_word' id='word_1_45' title='bbox 371 1605 418 1676; x_wconf 91' lang='lat' dir='ltr'>ab</span> <span class='ocrx_word' id='word_1_46' title='bbox 447 1600 558 1675; x_wconf 87' lang='lat' dir='ltr'>Gallis</span> <span class='ocrx_word' id='word_1_47' title='bbox 588 1602 704 1675; x_wconf 83' lang='lat' dir='ltr'>adlata</span> <span class='ocrx_word' id='word_1_48' title='bbox 727 1599 866 1697; x_wconf 91' lang='lat' dir='ltr'>iniqua,</span> <span class='ocrx_word' id='word_1_49' title='bbox 898 1603 946 1687; x_wconf 73' lang='grc' dir='ltr'>δι,</span> <span class='ocrx_word' id='word_1_50' title='bbox 982 1598 1128 1673; x_wconf 90' lang='lat' dir='ltr'>tribuno</span> <span class='ocrx_word' id='word_1_51' title='bbox 1158 1595 1350 1683; x_wconf 84' lang='lat' dir='ltr'>recusante,</span> 
     </span>
     <span class='ocr_line' id='line_1_9' title="bbox 372 1715 1350 1817; baseline -0.008 -22"><span class='ocrx_word' id='word_1_52' title='bbox 372 1719 517 1797; x_wconf 90' lang='lat' dir='ltr'>additus</span> <span class='ocrx_word' id='word_1_53' title='bbox 541 1724 587 1795; x_wconf 96' lang='lat' dir='ltr'>ab</span> <span class='ocrx_word' id='word_1_54' title='bbox 609 1719 778 1795; x_wconf 85' lang='lat' dir='ltr'>insolente</span> <span class='ocrx_word' id='word_1_55' title='bbox 801 1720 906 1794; x_wconf 87' lang='lat' dir='ltr'>Gallo</span> <span class='ocrx_word' id='word_1_56' title='bbox 928 1718 1077 1817; x_wconf 86' lang='lat' dir='ltr'>ponderi</span> <span class='ocrx_word' id='word_1_57' title='bbox 1095 1715 1255 1817; x_wconf 65' lang='lat' dir='ltr'>gladium</span> <span class='ocrx_word' id='word_1_58' title='bbox 1289 1740 1350 1787; x_wconf 89' lang='lat' dir='ltr'>au·</span> 
     </span>
     <span class='ocr_line' id='line_1_10' title="bbox 372 1832 1352 1940; baseline -0.008 -25"><span class='ocrx_word' id='word_1_59' title='bbox 372 1840 518 1940; x_wconf 84' lang='lat' dir='ltr'>ditaque</span> <span class='ocrx_word' id='word_1_60' title='bbox 544 1838 763 1915; x_wconf 89' lang='lat' dir='ltr'>intoleranda</span> <span class='ocrx_word' id='word_1_61' title='bbox 789 1837 964 1913; x_wconf 92' lang='lat' dir='ltr'>Romanis</span> <span class='ocrx_word' id='word_1_62' title='bbox 991 1864 1076 1926; x_wconf 85' lang='lat' dir='ltr'>vox,</span> <span class='ocrx_word' id='word_1_63' title='bbox 1109 1841 1223 1911; x_wconf 87' lang='lat' dir='ltr'>“Vae</span> <span class='ocrx_word' id='word_1_64' title='bbox 1249 1832 1352 1909; x_wconf 77' lang='lat' dir='ltr'>vietis</span> 
     </span>
    </p>
   </div>
   <div class='ocr_carea' id='block_1_3' title="bbox 369 1963 1359 4211">
    <p class='ocr_par' dir='ltr' id='par_1_3' title="bbox 375 1963 521 2034">
     <span class='ocr_line' id='line_1_11' title="bbox 375 1963 521 2034; baseline -0.007 0"><span class='ocrx_word' id='word_1_65' title='bbox 375 1972 401 2005; x_wconf 81' lang='lat'>‘⁴</span> <span class='ocrx_word' id='word_1_66' title='bbox 419 1963 521 2034; x_wconf 85' lang='lat' dir='ltr'>effe.&#39;&#39;</span> 
     </span>
    </p>

    <p class='ocr_par' dir='ltr' id='par_1_4' title="bbox 369 2075 1359 4211">
     <span class='ocr_line' id='line_1_12' title="bbox 422 2075 1352 2177; baseline -0.008 -23"><span class='ocrx_word' id='word_1_67' title='bbox 422 2080 563 2155; x_wconf 87' lang='lat' dir='ltr'><strong>XLIX.</strong></span> <span class='ocrx_word' id='word_1_68' title='bbox 589 2080 658 2153; x_wconf 88' lang='lat' dir='ltr'>Sed</span> <span class='ocrx_word' id='word_1_69' title='bbox 676 2076 812 2177; x_wconf 91' lang='lat' dir='ltr'>Diique</span> <span class='ocrx_word' id='word_1_70' title='bbox 830 2082 864 2151; x_wconf 81' lang='grc' dir='ltr'>δι</span> <span class='ocrx_word' id='word_1_71' title='bbox 885 2075 1047 2151; x_wconf 92' lang='lat' dir='ltr'>homines</span> <span class='ocrx_word' id='word_1_72' title='bbox 1070 2075 1282 2175; x_wconf 89' lang='lat' dir='ltr'>prohibuere</span> <span class='ocrx_word' id='word_1_73' title='bbox 1300 2100 1352 2148; x_wconf 87' lang='lat' dir='ltr'>re-</span> 
     </span>
     <span class='ocr_line' id='line_1_13' title="bbox 375 2194 1352 2294; baseline -0.007 -20"><span class='ocrx_word' id='word_1_74' title='bbox 375 2202 513 2274; x_wconf 84' lang='lat' dir='ltr'>demtos</span> <span class='ocrx_word' id='word_1_75' title='bbox 540 2198 656 2273; x_wconf 89' lang='lat' dir='ltr'>vivere</span> <span class='ocrx_word' id='word_1_76' title='bbox 686 2201 881 2272; x_wconf 91' lang='lat' dir='ltr'>Romanos.</span> <span class='ocrx_word' id='word_1_77' title='bbox 932 2200 1029 2271; x_wconf 90' lang='lat' dir='ltr'>Nam</span> <span class='ocrx_word' id='word_1_78' title='bbox 1060 2196 1148 2271; x_wconf 90' lang='lat' dir='ltr'>sorte</span> <span class='ocrx_word' id='word_1_79' title='bbox 1182 2194 1352 2294; x_wconf 92' lang='lat' dir='ltr'>quadam,</span> 
     </span>
     <span class='ocr_line' id='line_1_14' title="bbox 374 2312 1353 2418; baseline -0.007 -26"><span class='ocrx_word' id='word_1_80' title='bbox 374 2318 603 2418; x_wconf 88' lang='lat' dir='ltr'>priusquam</span> <span class='ocrx_word' id='word_1_81' title='bbox 626 2316 771 2391; x_wconf 83' lang='lat' dir='ltr'>infanda</span> <span class='ocrx_word' id='word_1_82' title='bbox 795 2343 927 2391; x_wconf 86' lang='lat' dir='ltr'>merces</span> <span class='ocrx_word' id='word_1_83' title='bbox 953 2318 1190 2414; x_wconf 88' lang='lat' dir='ltr'>perficeretur,</span> <span class='ocrx_word' id='word_1_84' title='bbox 1220 2338 1283 2413; x_wconf 87' lang='lat' dir='ltr'>per</span> <span class='ocrx_word' id='word_1_85' title='bbox 1304 2312 1353 2385; x_wconf 86' lang='lat' dir='ltr'>al-</span> 
     </span>
     <span class='ocr_line' id='line_1_15' title="bbox 375 2432 1356 2532; baseline -0.007 -20"><span class='ocrx_word' id='word_1_86' title='bbox 375 2437 603 2513; x_wconf 90' lang='lat' dir='ltr'>tercationem</span> <span class='ocrx_word' id='word_1_87' title='bbox 619 2439 783 2511; x_wconf 91' lang='lat' dir='ltr'>nondum</span> <span class='ocrx_word' id='word_1_88' title='bbox 797 2436 896 2510; x_wconf 91' lang='lat' dir='ltr'>omni</span> <span class='ocrx_word' id='word_1_89' title='bbox 913 2462 999 2510; x_wconf 88' lang='lat' dir='ltr'>auro</span> <span class='ocrx_word' id='word_1_90' title='bbox 1012 2434 1179 2532; x_wconf 82' lang='lat' dir='ltr'>adpenso,</span> <span class='ocrx_word' id='word_1_91' title='bbox 1204 2432 1356 2509; x_wconf 69' lang='lat' dir='ltr'>dictator</span> 
     </span>
     <span class='ocr_line' id='line_1_16' title="bbox 375 2554 1354 2656; baseline -0.004 -25"><span class='ocrx_word' id='word_1_92' title='bbox 375 2555 563 2632; x_wconf 90' lang='lat' dir='ltr'>intervenit</span> <span class='ocrx_word' id='word_1_93' title='bbox 570 2589 583 2644; x_wconf 88' lang='lat'>;</span> <span class='ocrx_word' id='word_1_94' title='bbox 616 2555 815 2656; x_wconf 87' lang='lat' dir='ltr'>auferrique</span> <span class='ocrx_word' id='word_1_95' title='bbox 832 2582 959 2630; x_wconf 91' lang='lat' dir='ltr'>aurum</span> <span class='ocrx_word' id='word_1_96' title='bbox 982 2556 1028 2629; x_wconf 90' lang='lat' dir='ltr'>de</span> <span class='ocrx_word' id='word_1_97' title='bbox 1052 2554 1187 2643; x_wconf 91' lang='lat' dir='ltr'>medio,</span> <span class='ocrx_word' id='word_1_98' title='bbox 1215 2554 1354 2629; x_wconf 87' lang='lat' dir='ltr'>&amp;Gal-</span> 
     </span>
     <span class='ocr_line' id='line_1_17' title="bbox 374 2674 1354 2783; baseline -0.005 -31"><span class='ocrx_word' id='word_1_99' title='bbox 374 2680 428 2752; x_wconf 88' lang='lat' dir='ltr'>los</span> <span class='ocrx_word' id='word_1_100' title='bbox 444 2676 643 2783; x_wconf 87' lang='lat' dir='ltr'>submoveri</span> <span class='ocrx_word' id='word_1_101' title='bbox 654 2678 770 2773; x_wconf 91' lang='lat' dir='ltr'>jubet.</span> <span class='ocrx_word' id='word_1_102' title='bbox 819 2680 948 2776; x_wconf 82' lang='lat' dir='ltr'>Qrum</span> <span class='ocrx_word' id='word_1_103' title='bbox 980 2675 1030 2749; x_wconf 92' lang='lat' dir='ltr'>illi</span> <span class='ocrx_word' id='word_1_104' title='bbox 1059 2674 1245 2749; x_wconf 88' lang='lat' dir='ltr'>renitentes</span> <span class='ocrx_word' id='word_1_105' title='bbox 1271 2698 1354 2771; x_wconf 89' lang='lat' dir='ltr'>pac·</span> 
     </span>
     <span class='ocr_line' id='line_1_18' title="bbox 376 2794 1352 2895; baseline -0.007 -23"><span class='ocrx_word' id='word_1_106' title='bbox 376 2820 431 2872; x_wconf 83' lang='lat' dir='ltr'>tos</span> <span class='ocrx_word' id='word_1_107' title='bbox 444 2796 602 2871; x_wconf 88' lang='lat' dir='ltr'>dicerent</span> <span class='ocrx_word' id='word_1_108' title='bbox 614 2795 696 2884; x_wconf 88' lang='lat' dir='ltr'>sese,</span> <span class='ocrx_word' id='word_1_109' title='bbox 722 2817 828 2895; x_wconf 87' lang='lat' dir='ltr'>negat</span> <span class='ocrx_word' id='word_1_110' title='bbox 842 2822 920 2869; x_wconf 89' lang='lat' dir='ltr'>eam</span> <span class='ocrx_word' id='word_1_111' title='bbox 931 2794 1132 2892; x_wconf 70' lang='lat' dir='ltr'>pastionem</span> <span class='ocrx_word' id='word_1_112' title='bbox 1148 2815 1257 2869; x_wconf 86' lang='lat' dir='ltr'>ratam</span> <span class='ocrx_word' id='word_1_113' title='bbox 1271 2794 1352 2879; x_wconf 86' lang='lat' dir='ltr'>effe,</span> 
     </span>
     <span class='ocr_line' id='line_1_19' title="bbox 376 2910 1354 3014; baseline -0.005 -25"><span class='ocrx_word' id='word_1_114' title='bbox 376 2940 481 3014; x_wconf 88' lang='lat' dir='ltr'>quae,</span> <span class='ocrx_word' id='word_1_115' title='bbox 516 2916 706 3014; x_wconf 89' lang='lat' dir='ltr'>postquam</span> <span class='ocrx_word' id='word_1_116' title='bbox 737 2914 808 3013; x_wconf 89' lang='lat' dir='ltr'>ipse</span> <span class='ocrx_word' id='word_1_117' title='bbox 835 2914 986 2989; x_wconf 74' lang='lat' dir='ltr'>didator</span> <span class='ocrx_word' id='word_1_118' title='bbox 1012 2936 1148 2989; x_wconf 85' lang='lat' dir='ltr'>creatus</span> <span class='ocrx_word' id='word_1_119' title='bbox 1178 2914 1272 3001; x_wconf 86' lang='lat' dir='ltr'>esset,</span> <span class='ocrx_word' id='word_1_120' title='bbox 1299 2910 1354 2985; x_wconf 91' lang='lat' dir='ltr'>in-</span> 
     </span>
     <span class='ocr_line' id='line_1_20' title="bbox 369 3032 1353 3133; baseline -0.003 -26"><span class='ocrx_word' id='word_1_121' title='bbox 369 3036 466 3132; x_wconf 85' lang='lat' dir='ltr'>jussu</span> <span class='ocrx_word' id='word_1_122' title='bbox 483 3033 547 3108; x_wconf 93' lang='lat' dir='ltr'>suo</span> <span class='ocrx_word' id='word_1_123' title='bbox 563 3038 609 3109; x_wconf 90' lang='lat' dir='ltr'>ab</span> <span class='ocrx_word' id='word_1_124' title='bbox 625 3034 798 3109; x_wconf 89' lang='lat' dir='ltr'>inferioris</span> <span class='ocrx_word' id='word_1_125' title='bbox 808 3033 897 3130; x_wconf 89' lang='lat' dir='ltr'>juris</span> <span class='ocrx_word' id='word_1_126' title='bbox 921 3032 1122 3133; x_wconf 83' lang='lat' dir='ltr'>magistratu</span> <span class='ocrx_word' id='word_1_127' title='bbox 1141 3034 1231 3108; x_wconf 68' lang='lat' dir='ltr'>fasta</span> <span class='ocrx_word' id='word_1_128' title='bbox 1252 3033 1353 3108; x_wconf 85' lang='lat' dir='ltr'>esset:</span> 
     </span>
     <span class='ocr_line' id='line_1_21' title="bbox 377 3150 1354 3253; baseline -0.005 -24"><span class='ocrx_word' id='word_1_129' title='bbox 377 3154 642 3253; x_wconf 88' lang='lat' dir='ltr'>denunciatque</span> <span class='ocrx_word' id='word_1_130' title='bbox 667 3154 792 3242; x_wconf 87' lang='lat' dir='ltr'>Gallis,</span> <span class='ocrx_word' id='word_1_131' title='bbox 818 3176 860 3227; x_wconf 90' lang='lat' dir='ltr'>ut</span> <span class='ocrx_word' id='word_1_132' title='bbox 875 3152 909 3227; x_wconf 94' lang='lat' dir='ltr'>se</span> <span class='ocrx_word' id='word_1_133' title='bbox 939 3155 985 3228; x_wconf 94' lang='lat' dir='ltr'>ad</span> <span class='ocrx_word' id='word_1_134' title='bbox 1014 3152 1190 3252; x_wconf 91' lang='lat' dir='ltr'>proelium</span> <span class='ocrx_word' id='word_1_135' title='bbox 1207 3150 1354 3249; x_wconf 85' lang='lat' dir='ltr'>expedi·</span> 
     </span>
     <span class='ocr_line' id='line_1_22' title="bbox 376 3272 1355 3370; baseline -0.004 -21"><span class='ocrx_word' id='word_1_136' title='bbox 376 3296 448 3349; x_wconf 84' lang='lat' dir='ltr'>ant.</span> <span class='ocrx_word' id='word_1_137' title='bbox 498 3278 586 3349; x_wconf 87' lang='lat' dir='ltr'>Suos</span> <span class='ocrx_word' id='word_1_138' title='bbox 609 3273 647 3348; x_wconf 92' lang='lat' dir='ltr'>in</span> <span class='ocrx_word' id='word_1_139' title='bbox 668 3300 834 3349; x_wconf 91' lang='lat' dir='ltr'>acervum</span> <span class='ocrx_word' id='word_1_140' title='bbox 857 3273 1028 3370; x_wconf 87' lang='lat' dir='ltr'>conjicere</span> <span class='ocrx_word' id='word_1_141' title='bbox 1053 3272 1213 3359; x_wconf 89' lang='lat' dir='ltr'>sarcinas,</span> <span class='ocrx_word' id='word_1_142' title='bbox 1245 3277 1277 3347; x_wconf 79' lang='grc' dir='ltr'>δι</span> <span class='ocrx_word' id='word_1_143' title='bbox 1301 3296 1355 3345; x_wconf 93' lang='lat' dir='ltr'>ar·</span> 
     </span>
     <span class='ocr_line' id='line_1_23' title="bbox 380 3392 1357 3491; baseline -0.003 -24"><span class='ocrx_word' id='word_1_144' title='bbox 380 3419 440 3467; x_wconf 88' lang='lat' dir='ltr'>ma</span> <span class='ocrx_word' id='word_1_145' title='bbox 473 3414 604 3491; x_wconf 90' lang='lat' dir='ltr'>aptare,</span> <span class='ocrx_word' id='word_1_146' title='bbox 629 3392 806 3491; x_wconf 87' lang='lat' dir='ltr'>ferroque,</span> <span class='ocrx_word' id='word_1_147' title='bbox 833 3418 905 3467; x_wconf 91' lang='lat' dir='ltr'>non</span> <span class='ocrx_word' id='word_1_148' title='bbox 938 3417 1037 3479; x_wconf 92' lang='lat' dir='ltr'>auro,</span> <span class='ocrx_word' id='word_1_149' title='bbox 1063 3417 1266 3490; x_wconf 87' lang='lat' dir='ltr'>recuperare</span> <span class='ocrx_word' id='word_1_150' title='bbox 1295 3416 1357 3489; x_wconf 93' lang='lat' dir='ltr'>pa-</span> 
     </span>
     <span class='ocr_line' id='line_1_24' title="bbox 379 3508 1355 3609; baseline 0 -24"><span class='ocrx_word' id='word_1_151' title='bbox 379 3511 482 3585; x_wconf 91' lang='lat' dir='ltr'>triam</span> <span class='ocrx_word' id='word_1_152' title='bbox 506 3513 624 3607; x_wconf 88' lang='lat' dir='ltr'>jubet,</span> <span class='ocrx_word' id='word_1_153' title='bbox 654 3511 693 3585; x_wconf 91' lang='lat' dir='ltr'>in</span> <span class='ocrx_word' id='word_1_154' title='bbox 719 3510 907 3609; x_wconf 76' lang='lat' dir='ltr'>conspedu</span> <span class='ocrx_word' id='word_1_155' title='bbox 937 3514 1104 3587; x_wconf 87' lang='lat' dir='ltr'>habentes</span> <span class='ocrx_word' id='word_1_156' title='bbox 1121 3508 1202 3585; x_wconf 89' lang='lat' dir='ltr'>sana</span> <span class='ocrx_word' id='word_1_157' title='bbox 1218 3514 1355 3600; x_wconf 75' lang='lat' dir='ltr'>Deam,</span> 
     </span>
     <span class='ocr_line' id='line_1_25' title="bbox 380 3628 1357 3732; baseline -0.004 -25"><span class='ocrx_word' id='word_1_158' title='bbox 380 3637 414 3707; x_wconf 74' lang='grc' dir='ltr'>δι</span> <span class='ocrx_word' id='word_1_159' title='bbox 432 3633 613 3732; x_wconf 86' lang='lat' dir='ltr'>conjuges,</span> <span class='ocrx_word' id='word_1_160' title='bbox 637 3636 672 3705; x_wconf 73' lang='grc' dir='ltr'>δι</span> <span class='ocrx_word' id='word_1_161' title='bbox 688 3629 830 3719; x_wconf 74' lang='lat' dir='ltr'>liberor,</span> <span class='ocrx_word' id='word_1_162' title='bbox 864 3630 1029 3705; x_wconf 85' lang='lat' dir='ltr'>&amp;solum</span> <span class='ocrx_word' id='word_1_163' title='bbox 1046 3631 1176 3729; x_wconf 86' lang='lat' dir='ltr'>patriae</span> <span class='ocrx_word' id='word_1_164' title='bbox 1197 3628 1357 3705; x_wconf 84' lang='lat' dir='ltr'>deforme</span> 
     </span>
     <span class='ocr_line' id='line_1_26' title="bbox 380 3748 1357 3849; baseline -0.002 -22"><span class='ocrx_word' id='word_1_165' title='bbox 380 3752 465 3827; x_wconf 90' lang='lat' dir='ltr'>belli</span> <span class='ocrx_word' id='word_1_166' title='bbox 493 3750 608 3841; x_wconf 89' lang='lat' dir='ltr'>malis,</span> <span class='ocrx_word' id='word_1_167' title='bbox 638 3757 672 3827; x_wconf 77' lang='grc' dir='ltr'>δι</span> <span class='ocrx_word' id='word_1_168' title='bbox 690 3750 824 3839; x_wconf 91' lang='lat' dir='ltr'>omnia,</span> <span class='ocrx_word' id='word_1_169' title='bbox 851 3775 941 3849; x_wconf 88' lang='lat' dir='ltr'>quae</span> <span class='ocrx_word' id='word_1_170' title='bbox 958 3748 1104 3825; x_wconf 87' lang='lat' dir='ltr'>defendi</span> <span class='ocrx_word' id='word_1_171' title='bbox 1121 3748 1303 3849; x_wconf 87' lang='lat' dir='ltr'>repetique</span> <span class='ocrx_word' id='word_1_172' title='bbox 1321 3753 1357 3825; x_wconf 74' lang='grc' dir='ltr'>δι</span> 
     </span>
     <span class='ocr_line' id='line_1_27' title="bbox 378 3868 1355 3955; baseline -0.004 -9"><span class='ocrx_word' id='word_1_173' title='bbox 378 3870 502 3947; x_wconf 89' lang='lat' dir='ltr'>ulcisci</span> <span class='ocrx_word' id='word_1_174' title='bbox 532 3871 583 3945; x_wconf 90' lang='lat' dir='ltr'>sas</span> <span class='ocrx_word' id='word_1_175' title='bbox 614 3876 663 3945; x_wconf 87' lang='lat' dir='ltr'>fit.</span> <span class='ocrx_word' id='word_1_176' title='bbox 713 3870 857 3944; x_wconf 91' lang='lat' dir='ltr'>Instruit</span> <span class='ocrx_word' id='word_1_177' title='bbox 888 3870 1019 3945; x_wconf 90' lang='lat' dir='ltr'>deinde</span> <span class='ocrx_word' id='word_1_178' title='bbox 1052 3869 1180 3955; x_wconf 90' lang='lat' dir='ltr'>aciem,</span> <span class='ocrx_word' id='word_1_179' title='bbox 1214 3890 1256 3943; x_wconf 91' lang='lat' dir='ltr'>ut</span> <span class='ocrx_word' id='word_1_180' title='bbox 1282 3868 1355 3943; x_wconf 91' lang='lat' dir='ltr'>loci</span> 
     </span>
     <span class='ocr_line' id='line_1_28' title="bbox 381 3988 1356 4089; baseline -0.003 -23"><span class='ocrx_word' id='word_1_181' title='bbox 381 4013 504 4066; x_wconf 94' lang='lat' dir='ltr'>natura</span> <span class='ocrx_word' id='word_1_182' title='bbox 516 3992 726 4089; x_wconf 88' lang='lat' dir='ltr'>patiebatur,</span> <span class='ocrx_word' id='word_1_183' title='bbox 755 3990 793 4063; x_wconf 91' lang='lat' dir='ltr'>in</span> <span class='ocrx_word' id='word_1_184' title='bbox 810 3988 994 4065; x_wconf 88' lang='lat' dir='ltr'>semirutae</span> <span class='ocrx_word' id='word_1_185' title='bbox 1016 3990 1089 4065; x_wconf 94' lang='lat' dir='ltr'>solo</span> <span class='ocrx_word' id='word_1_186' title='bbox 1105 3988 1216 4077; x_wconf 89' lang='lat' dir='ltr'>urbis,</span> <span class='ocrx_word' id='word_1_187' title='bbox 1243 3994 1277 4063; x_wconf 81' lang='grc' dir='ltr'>δι</span> <span class='ocrx_word' id='word_1_188' title='bbox 1295 4014 1356 4063; x_wconf 91' lang='lat' dir='ltr'>na·</span> 
     </span>
     <span class='ocr_line' id='line_1_29' title="bbox 380 4109 1359 4211; baseline 0 -26"><span class='ocrx_word' id='word_1_189' title='bbox 380 4132 458 4186; x_wconf 88' lang='lat' dir='ltr'>tura</span> <span class='ocrx_word' id='word_1_190' title='bbox 470 4110 667 4210; x_wconf 78' lang='lat' dir='ltr'>inaequali3</span> <span class='ocrx_word' id='word_1_191' title='bbox 700 4115 733 4187; x_wconf 72' lang='grc' dir='ltr'><strong>ἃ</strong></span> <span class='ocrx_word' id='word_1_192' title='bbox 751 4109 886 4201; x_wconf 90' lang='lat' dir='ltr'>omnia,</span> <span class='ocrx_word' id='word_1_193' title='bbox 914 4137 1004 4211; x_wconf 88' lang='lat' dir='ltr'>quae</span> <span class='ocrx_word' id='word_1_194' title='bbox 1018 4130 1088 4187; x_wconf 83' lang='lat' dir='ltr'>arte</span> <span class='ocrx_word' id='word_1_195' title='bbox 1106 4109 1189 4187; x_wconf 91' lang='lat' dir='ltr'>belli</span> <span class='ocrx_word' id='word_1_196' title='bbox 1203 4110 1359 4187; x_wconf 81' lang='lat' dir='ltr'>secunda</span> 
     </span>
    </p>
   </div>
   <div class='ocr_carea' id='block_1_4' title="bbox 0 0 1548 5342">
    <p class='ocr_par' dir='ltr' id='par_1_5' title="bbox 0 0 1548 5342">
     <span class='ocr_line' id='line_1_30' title="bbox 0 0 1548 5342; baseline 0 0"><span class='ocrx_word' id='word_1_197' title='bbox 0 0 1548 5342; x_wconf 95' lang='lat' dir='ltr'> </span> 
     </span>
    </p>
   </div>
  </div>
 </body>
</html>
