3067 5342
458 730 692 804 Lrnan
748 729 830 803 VII.
1079 755 1149 829 229

162 912 190 946 “
205 927 299 976 mus:
315 899 497 1000 quidquid
506 901 637 978 deinde
647 903 889 990 habuerimus,
899 899 1149 1002 quidquidipli

162 1031 197 1088 “.
207 1019 394 1109 fuerimus,
410 1023 565 1097 vestrum
579 1023 618 1097 id
630 1049 737 1099 omne
752 1021 995 1097 existimaturi.
1034 1021 1148 1097 Vobis

162 1151 189 1185 “
208 1141 362 1216 arabitur
376 1168 459 1241 ager
475 1145 691 1240 Campanus,
713 1142 817 1219 vobis
834 1145 957 1241 Capua
971 1145 1055 1217 urbs
1078 1141 1145 1216 fre-

162 1271 189 1304 “
209 1261 459 1358 quentabiturz
486 1262 728 1353 conditorum,
758 1284 957 1361 parentum,
982 1263 1146 1335 Deorum

162 1379 453 1457 “inmortalium
468 1408 618 1458 numero
634 1382 737 1458 nobis
757 1381 865 1457 eritis.
916 1381 1029 1454 Nulla
1048 1383 1144 1454 colo·

161 1509 187 1544 “
206 1500 268 1574 nia
280 1501 392 1575 vestm
408 1501 489 1595 erit²
505 1528 596 1601 quae
610 1529 675 1577 nos
691 1501 864 1601 obsequio
879 1527 962 1600 erga
975 1526 1038 1574 vos
1055 1502 1143 1574 fide-

161 1631 187 1664 “
206 1647 277 1719 que
300 1620 449 1720 superet.
499 1622 675 1713 Adnuite,
702 1627 820 1698 Patres
847 1619 1048 1719 conscripti,
1075 1646 1143 1694 nu-

159 1751 186 1784 “
204 1761 285 1814 rum
313 1765 520 1838 numenque
545 1741 700 1816 vestrum
729 1741 904 1818 invictum
935 1740 1139 1838 Campanis,

161 1871 187 1904 “
206 1861 374 1957 &jubete
391 1859 537 1958 sperare,
555 1859 773 1937 incolumem
790 1864 951 1960 Capuam
971 1861 1140 1936 suturam.

161 1990 188 2025 “
204 1985 288 2080 Qta
303 1979 503 2078 frequentia
521 1980 686 2055 omnium
704 2007 876 2080 generum
898 1981 1142 2058 multitudinis
1211 2069 1218 2091 ,

161 2110 188 2144 ‘⁴
206 2098 438 2199 prosequente
455 2100 596 2174 creditis
610 2129 674 2175 nos
690 2100 787 2176 illinc
805 2100 1006 2200 profectos?
1031 2125 1142 2200 quam

160 2229 187 2263 “
206 2218 328 2293 omnia
338 2240 504 2294 votorum
519 2219 814 2320 lacrimarumque
824 2223 928 2320 plena
940 2220 1139 2319 reliquisse?

159 2350 187 2384 “
204 2339 243 2412 in
266 2365 340 2437 qua
362 2365 460 2415 nunc
487 2339 743 2438 exspectatione
769 2340 925 2415 senatum
948 2345 1140 2442 populum·

158 2470 277 2557 “que
303 2461 542 2557 Campanum,
570 2461 750 2560 conjuges,
781 2459 978 2558 liberosque
1004 2463 1138 2538 nostros

159 2588 187 2623 “
206 2581 300 2652 effe?
340 2580 433 2652 Stare
466 2605 612 2652 omnem
642 2579 912 2654 multitudinem
937 2583 982 2654 ad
1008 2603 1138 2678 portas,

160 2697 302 2772 “viam
322 2697 408 2772 hinc
430 2697 601 2772 serentem
616 2697 884 2797 prospectantes,
918 2720 1055 2774 certum
1078 2704 1139 2774 ha-

158 2829 184 2864 “
202 2821 285 2906 beo,
318 2817 410 2917 quid
426 2815 495 2891 illis
511 2844 588 2905 nos,
621 2822 738 2894 Patres
752 2817 952 2917 conscripti,
980 2818 1137 2894 sollicitis

161 2949 187 2983 “
204 2963 246 3012 ac
283 2935 523 3036 pendentibus
565 2935 677 3011 animi
722 2937 928 3012 renunciare
969 2938 1137 3035 jubeatis.

158 3066 184 3100 ‘⁶
204 3058 370 3131 Alterum
386 3055 588 3154 responsum
605 3055 763 3145 salutem,
780 3057 977 3148 victoriam,
1002 3061 1136 3149 lucem,

158 3186 185 3220 “
202 3201 244 3250 ac
259 3175 457 3250 libertatem
467 3207 480 3263 3
498 3177 646 3250 alterum
660 3177 809 3251 ominari
820 3180 958 3268 horreo,
976 3204 1067 3277 quae
1085 3180 1136 3254 se·
1158 3259 1161 3264 ,

158 3305 184 3338 “
202 3313 266 3369 rat.
283 3293 438 3368 Proinde
451 3315 493 3368 ut
505 3316 567 3369 aut
581 3298 626 3371 de
643 3297 762 3370 vestris
776 3297 904 3373 futuris
916 3298 1018 3374 sociis
1030 3321 1138 3399 atque
1229 3321 1233 3332 ·

158 3424 184 3459 “
198 3413 335 3503 amicis,
342 3413 671 3513 autnusquamullis
677 3415 925 3508 suturisnobis,
932 3419 1139 3496 consulite.''

206 3537 349 3610 XXXI.
374 3532 556 3609 Submotis
566 3534 697 3609 deinde
713 3536 849 3635 legatis,
867 3563 982 3635 quum
998 3541 1137 3615 consul-

156 3673 215 3728 tur
237 3652 376 3728 senatus
400 3656 496 3741 effer,
528 3658 587 3728 etsr
610 3681 758 3754 magnae
775 3656 865 3754 parti
882 3662 965 3733 urbs
982 3661 1139 3735 maxima

155 3772 486 3873 opulentissimaque
502 3773 635 3862 Italiae,
665 3774 865 3850 uberrimus
878 3803 959 3875 ager
974 3779 1136 3877 marique

154 3893 379 3994 propinquus
395 3894 441 3968 ad
457 3892 637 3969 varietates
657 3920 817 3968 annonae
831 3897 996 3971 horreum
1009 3897 1136 3996 populi

154 4012 315 4090 Romani
349 4011 423 4087 sore
451 4011 639 4089 videbatur
650 4046 664 4102 3
713 4035 832 4089 tamen
861 4035 958 4090 tanta
988 4017 1139 4093 utilitate

154 4133 245 4210 sides
263 4132 444 4234 antiquior
459 4131 551 4223 fuit,
575 4132 826 4236 responditque
848 4135 898 4210 ita
919 4161 963 4212 ex
988 4137 1139 4214 auetori-
