3067 5342
393 675 465 752 ³70
723 649 1038 724 T.L1v11

396 823 493 900 tibus
502 821 679 898 constans:
708 819 822 897 facilis
836 819 1012 922 partienti‚
1038 845 1267 920 quacumque
1284 846 1374 920 opus

396 945 491 1031 effer,
517 941 630 1017 facilis
655 939 836 1042 jungenti.
885 943 968 1038 Jam
993 939 1032 1016 in
1064 965 1169 1040 opere
1200 939 1283 1039 quis
1313 967 1374 1040 par

398 1061 568 1136 Romano
584 1060 708 1136 miles?
733 1060 816 1160 quis
828 1061 874 1134 ad
890 1061 1112 1136 tolerandum
1129 1063 1286 1136 laborem
1303 1087 1376 1136 me-

397 1181 489 1257 lior?
538 1183 628 1256 Uno
644 1179 779 1279 proelio
806 1179 921 1255 villus
943 1181 1159 1268 Alexander,
1187 1181 1284 1256 bello
1303 1180 1378 1258 vic-

397 1323 456 1377 tus
486 1303 580 1378 effet.
634 1303 857 1390 Romanum,
894 1325 1004 1399 quem
1035 1298 1232 1389 Caudium,
1267 1327 1376 1400 quern

398 1423 541 1496 Cannae
558 1445 632 1494 non
644 1417 837 1520 fregerunt,
861 1444 953 1518 quae
970 1416 1121 1518 fregiffet
1134 1419 1249 1495 acies?
1300 1424 1377 1495 Nae

397 1540 457 1616 ille
474 1541 587 1638 saepe,
612 1538 744 1614 etiamfi
760 1538 875 1638 prima
889 1536 1049 1638 prospere
1065 1538 1270 1627 evenissent,
1294 1541 1394 1619 Per-.

397 1657 449 1734 sas
468 1662 504 1733 dr
521 1660 630 1732 Indos
652 1662 687 1732 a
707 1657 876 1734 inbellem
893 1660 1012 1732 Anam
1029 1661 1220 1757 quaefiffet‚
1244 1663 1280 1734 δι
1292 1685 1380 1734 cum

398 1776 541 1852 feminis
560 1777 624 1854 fibi
641 1779 777 1853 bellum
790 1776 891 1851 fuill'e
908 1776 1064 1852 dixiffetr
1091 1780 1194 1878 quod
1207 1777 1309 1876 Epiri
1325 1804 1377 1854 re-

396 1923 482 1998 gem
499 1899 760 1986 Alexandrum,
786 1893 969 1973 mortifero
980 1897 1125 1972 vulnere
1142 1897 1269 1986 idlum,
1296 1896 1380 1972 din

399 2017 461 2094 iffe
481 2016 611 2108 femur,
644 2016 772 2092 sortem
788 2017 964 2122 bellorum
984 2015 1021 2090 in
1041 2019 1122 2090 Alia
1137 2017 1317 2116 gestorum
1333 2020 1380 2092 ab

399 2139 469 2212 hoc
484 2137 560 2236 ipso
569 2138 702 2234 juvene
712 2162 799 2210 cum
812 2133 873 2210 sua
882 2133 1132 2212 conferentem.
1183 2136 1380 2235 Equidem,

398 2281 515 2355 quum
530 2281 592 2354 per
607 2281 717 2330 annos
733 2275 887 2354 quatuor
904 2257 939 2330 δι
955 2253 1084 2354 viginti
1099 2255 1215 2354 primo
1238 2255 1380 2332 Punico

397 2378 493 2450 bello
510 2376 670 2449 clastibus
684 2395 856 2452 certatum
870 2399 955 2450 cum
972 2374 1101 2449 Poenis
1114 2375 1292 2464 recordor,
1316 2375 1380 2450 vix

397 2513 548 2569 aetatem
564 2493 760 2569 Alexandri
779 2492 1016 2570 subfeduram
1030 2491 1131 2568 firiffe
1154 2518 1230 2569 reor
1256 2496 1302 2569 ad
1337 2521 1378 2569 u-

398 2640 489 2689 num
511 2614 660 2689 bellum.
708 2611 758 2686 Et
783 2611 934 2702 forsitan,
973 2639 1090 2712 quum
1116 2611 1379 2690 &foederibus

398 2731 676 2828 vetustisjunna
687 2730 825 2808 Punica
836 2758 889 2808 res
906 2734 1091 2808 Romanae
1108 2727 1202 2821 esset,
1227 2734 1380 2810 &timor

398 2877 462 2950 par
484 2849 647 2925 adversus
669 2877 901 2926 communem
928 2851 1064 2928 hostem
1088 2853 1175 2928 duas
1191 2854 1381 2951 potentiffi-

398 2995 473 3044 mas
488 2969 593 3044 armis
614 2969 770 3070 virisque
795 2974 901 3046 urbes
927 2993 1087 3062 armaret,
1114 2975 1216 3047 fimul
1239 2973 1378 3062 Punico

398 3090 639 3188 Romanoque
669 3092 817 3165 obrutus
845 3092 939 3165 bello
969 3093 1062 3167 effet.
1111 3096 1198 3168 Non
1229 3093 1378 3193 quidem

399 3209 606 3284 Alexandro
624 3209 730 3298 duce,
756 3233 823 3284 nec
837 3207 982 3310 integris
995 3213 1243 3287 Macedonum
1259 3216 1377 3302 rebus,

399 3327 459 3402 sed
475 3327 610 3428 experti
636 3347 756 3402 tamen
771 3328 851 3403 sunt
869 3329 1028 3404 Romani
1043 3332 1285 3408 Macedonem
1302 3331 1379 3408 hos-

398 3465 473 3521 tem
501 3446 665 3522 adversua
697 3446 936 3538 Antiochum,
978 3448 1201 3550 Philippum,
1239 3451 1378 3540 Persen,

397 3591 473 3642 non
498 3567 611 3641 modo
632 3591 718 3642 cum
735 3567 835 3642 clade
855 3569 941 3656 ulla,
966 3565 1086 3644 sedne
1108 3595 1194 3646 cum
1221 3569 1380 3668 periculo

398 3685 549 3787 quidem
562 3685 636 3761 suo.
686 3689 788 3761 Absrt
804 3683 941 3761 invidia
954 3691 1078 3778 verbo,
1105 3694 1138 3764 δι
1154 3690 1274 3767 civilia
1290 3693 1379 3768 bella

395 3807 529 3895 sileant,
555 3830 753 3905 numquam
777 3809 822 3882 ab
847 3805 966 3905 equite
992 3805 1103 3898 hoste,
1133 3836 1335 3910 numquam
1360 3839 1381 3888 a

396 3927 531 4026 pedite,
556 3950 755 4023 numquam
772 3945 890 4026 aperta
907 3926 995 4016 acie,
1028 3954 1228 4028 numquam
1244 3932 1377 4030 aequis,

398 4045 526 4145 utique
553 4070 753 4144 numquam
778 4045 901 4122 nostris
927 4045 1014 4125 locis
1034 4049 1283 4128 laboravimus.
1330 4049 1382 4132 E·.
