3067 5342
481 726 710 798 Lnnnn
763 678 862 796 VIII.
1105 729 1174 822 269

201 919 391 992 parmaque
406 893 574 983 innisum,
605 895 833 969 adtollentem
851 892 883 967 se
903 896 948 968 ab
964 892 1061 993 gravi
1084 893 1178 984 casu,

200 1013 362 1088 Manlius
378 1017 423 1088 ab
441 1015 584 1114 jugulo,
609 1013 657 1088 ita
674 1036 713 1088 ut
729 1040 791 1112 per
808 1014 916 1089 costas
942 1013 1074 1088 serrum
1091 1041 1178 1088 emi-

198 1153 309 1221 neret,
344 1153 451 1207 terrae
478 1133 613 1208 adfixit.
675 1132 872 1232 Spoliisque
902 1133 1002 1208 lestis
1028 1135 1073 1208 ad
1099 1133 1178 1210 suos

196 1257 368 1341 revesius,
405 1279 490 1328 cum
522 1275 647 1328 ovante
678 1253 810 1353 gaudio
843 1276 958 1328 turma
988 1252 1026 1327 in
1057 1255 1176 1344 castra,

198 1391 305 1472 atque
329 1373 413 1447 inde
435 1376 481 1447 ad
497 1373 709 1472 praetorium
726 1375 772 1446 ad
788 1394 935 1472 patrem,
963 1372 1090 1461 tendit,
1124 1373 1177 1472 ig-

198 1517 303 1566 natus
330 1491 390 1566 sati
414 1491 608 1592 futurique,
635 1496 709 1567 laus
730 1520 776 1567 an
796 1514 910 1593 poena
935 1493 1059 1567 merita
1080 1496 1174 1583 esset,

196 1615 296 1686 “Ut
321 1639 379 1687 me
402 1615 561 1700 omnes‚''
589 1611 719 1712 inquit,
747 1622 773 1657 “
790 1619 899 1712 pater',
923 1633 986 1687 tuo
1007 1611 1175 1713 sanguine

197 1743 359 1806 “ortum
385 1759 465 1806 vere
488 1731 628 1820 ferrent,
656 1753 866 1832 provocatus
891 1733 1063 1831 equestria
1089 1737 1175 1810 haee

195 1849 304 1948 spolia
336 1874 438 1950 capta
464 1879 508 1926 ex
533 1853 630 1927 hoste
658 1851 755 1928 caeso
782 1856 919 1952 porto.''
973 1856 1084 1954 Qiod
1110 1852 1175 1929 ubi

197 1970 337 2045 audivit¹
350 1971 484 2060 consul,
509 1974 699 2072 extemplo,
723 1971 839 2048 filium
855 1972 1038 2062 aversatus,
1056 1973 1175 2049 conci·

196 2115 303 2165 onem
318 2093 453 2165 classico
469 2091 629 2166 advocari
649 2092 754 2188 juffit.
804 2099 907 2194 Qlae
923 2093 988 2168 ubi
1011 2092 1174 2192 frequens

196 2211 376 2299 convenit,
398 2222 423 2255 “
441 2213 705 2312 Quandoque?
722 2213 852 2313 inquit,
870 2225 895 2258 “
913 2236 966 2302 tu,
981 2216 1028 2288 T.
1042 2212 1174 2301 Manli,

195 2338 356 2428 “neque
386 2330 578 2428 imperium
600 2329 790 2421 consulare,
823 2359 940 2433 neque
961 2333 1173 2429 majestatem

196 2459 222 2492 “
240 2449 387 2546 patriam
404 2451 548 2540 veritus,
575 2451 737 2526 adversus
753 2451 912 2527 edidum
929 2453 1086 2527 nostrum
1112 2479 1173 2527 ex-

196 2578 291 2642 “tra
311 2570 472 2645 ordinem
500 2570 537 2645 in
561 2571 695 2645 hostem
712 2571 889 2670 pugnasti,
919 2577 966 2659 ἃ,
997 2593 1171 2668 quantum

196 2699 221 2732 “
240 2687 278 2762 in
300 2711 334 2764 te
350 2689 431 2779 suit,
463 2689 684 2790 disciplinam
702 2690 902 2777 militarem,
929 2715 1000 2786 qua
1016 2689 1108 2763 stetit
1124 2690 1171 2764 ad

195 2818 221 2851 “
239 2809 330 2884 hanc
346 2809 443 2883 diem
458 2813 623 2886 Romana
635 2837 699 2898 res,
730 2809 870 2897 solvisti,
896 2833 1025 2907 meque
1041 2807 1077 2880 in
1094 2833 1173 2881 eam

195 2937 220 2971 “
239 2931 469 3004 necessitatem
486 2929 677 3018 adduxisti,
703 2951 745 3004 ut
761 2951 822 3004 aut
836 2928 1049 3026 reipublicae
1068 2928 1171 3019 mihi,

196 3058 300 3121 “aut
325 3049 397 3122 mei
424 3075 657 3148 meorumque
686 3031 967 3124 obliviscendum
1001 3053 1062 3137 fit3
1109 3076 1173 3122 nos

194 3167 356 3264 “potius
377 3169 493 3243 nostro
516 3169 645 3244 delieio
667 3172 875 3267 pledemur,
906 3195 1013 3269 quam
1031 3168 1172 3267 respub·

194 3298 220 3331 “
238 3285 306 3362 lica
322 3309 419 3362 tanto
436 3287 497 3363 suo
510 3289 642 3363 damno
659 3290 773 3364 nostra
788 3311 929 3389 peecata
944 3290 1028 3362 luet.
1055 3288 1171 3363 Triste

194 3417 220 3450 “
238 3409 455 3506 exemplum,
486 3406 607 3482 sedin
629 3409 807 3508 posterum
825 3409 956 3485 salubre
977 3408 1172 3505 juventuti,

193 3536 219 3570 “
238 3525 379 3601 erimus.
441 3529 509 3602 Me
539 3527 688 3627 quidem
721 3555 836 3629 quum
865 3528 1022 3630 ingenita
1050 3528 1171 3604 caritas

194 3657 220 3691 “
238 3645 402 3736 liberum,
419 3668 498 3723 tum
512 3645 688 3746 specimen
706 3647 799 3723 istud
812 3648 964 3736 virtutis,
982 3651 1171 3748 deceptum

194 3777 219 3812 “
237 3792 326 3840 vana
342 3767 495 3868 imagine
512 3768 662 3856 decoris,
686 3767 723 3842 in
739 3789 774 3842 te
790 3792 920 3842 movet.
969 3770 1039 3842 Sed
1055 3793 1172 3867 quum

193 3897 218 3932 “
237 3907 298 3960 aut
314 3909 426 3962 morte
449 3910 511 3962 tua
527 3887 712 3964 sancienda
727 3893 792 3962 sint
808 3887 991 3963 consulum
1009 3884 1169 3985 imperia,

193 4016 219 4049 “
236 4027 297 4080 aut
314 4006 510 4105 inpunitate
529 4009 565 4082 in
582 4029 795 4109 perpetuum
812 4010 1034 4108 abroganda
1068 4033 1112 4080 ne
1135 4026 1169 4080 te
1206 4042 1211 4058 ·

193 4136 219 4170 “
238 4127 399 4226 quidem,
417 4133 441 4202 fi
456 4127 547 4228 quid
564 4125 602 4204 in
618 4149 651 4204 te
665 4127 772 4204 nostri
785 4127 962 4228 sanguinis
978 4128 1041 4217 est,
1071 4153 1168 4206 recu·
