<?xml version="1.0" encoding="UTF-8"?>
<!DOCTYPE html PUBLIC "-//W3C//DTD XHTML 1.0 Transitional//EN"
    "http://www.w3.org/TR/xhtml1/DTD/xhtml1-transitional.dtd">
<html xmlns="http://www.w3.org/1999/xhtml" xml:lang="en" lang="en">
 <head>
  <title>
</title>
<meta http-equiv="Content-Type" content="text/html;charset=utf-8" />
  <meta name='ocr-system' content='tesseract 3.04.00' />
  <meta name='ocr-capabilities' content='ocr_page ocr_carea ocr_par ocr_line ocrx_word'/>
</head>
<body>
  <div class='ocr_page' id='page_1' title='image "./tliviipatavinih00homegoog_0318.png"; bbox 0 0 3067 5342; ppageno 0'>
   <div class='ocr_carea' id='block_1_1' title="bbox 360 666 1000 816">
    <p class='ocr_par' dir='ltr' id='par_1_1' title="bbox 360 666 1000 816">
     <span class='ocr_line' id='line_1_1' title="bbox 360 666 1000 816; baseline -0.008 -28"><span class='ocrx_word' id='word_1_1' title='bbox 360 731 472 816; x_wconf 80' lang='lat'>310·</span> <span class='ocrx_word' id='word_1_2' title='bbox 679 666 1000 786; x_wconf 77' lang='lat' dir='ltr'>T.Lrvrr</span> 
     </span>
    </p>
   </div>
   <div class='ocr_carea' id='block_1_2' title="bbox 362 877 1352 2784">
    <p class='ocr_par' dir='ltr' id='par_1_2' title="bbox 362 877 1352 2664">
     <span class='ocr_line' id='line_1_2' title="bbox 365 877 1349 982; baseline -0.009 -22"><span class='ocrx_word' id='word_1_3' title='bbox 365 907 440 960; x_wconf 91' lang='lat' dir='ltr'>tero</span> <span class='ocrx_word' id='word_1_4' title='bbox 466 882 608 960; x_wconf 88' lang='lat' dir='ltr'>consule</span> <span class='ocrx_word' id='word_1_5' title='bbox 639 877 677 958; x_wconf 90' lang='lat' dir='ltr'>in</span> <span class='ocrx_word' id='word_1_6' title='bbox 701 883 856 960; x_wconf 83' lang='lat' dir='ltr'>Vestinis</span> <span class='ocrx_word' id='word_1_7' title='bbox 882 883 1073 982; x_wconf 84' lang='lat' dir='ltr'>multiplex</span> <span class='ocrx_word' id='word_1_8' title='bbox 1102 881 1255 967; x_wconf 87' lang='lat' dir='ltr'>bellum,</span> <span class='ocrx_word' id='word_1_9' title='bbox 1281 901 1349 952; x_wconf 85' lang='lat' dir='ltr'>nee</span> 
     </span>
     <span class='ocr_line' id='line_1_3' title="bbox 364 1002 1350 1104; baseline -0.009 -24"><span class='ocrx_word' id='word_1_10' title='bbox 364 1005 515 1104; x_wconf 88' lang='lat' dir='ltr'>usquam</span> <span class='ocrx_word' id='word_1_11' title='bbox 531 1002 627 1080; x_wconf 86' lang='lat' dir='ltr'>vario</span> <span class='ocrx_word' id='word_1_12' title='bbox 644 1025 788 1093; x_wconf 85' lang='lat' dir='ltr'>eventu,</span> <span class='ocrx_word' id='word_1_13' title='bbox 821 1004 960 1104; x_wconf 85' lang='lat' dir='ltr'>gestum</span> <span class='ocrx_word' id='word_1_14' title='bbox 982 1003 1043 1078; x_wconf 58' lang='lat' dir='ltr'>est,</span> <span class='ocrx_word' id='word_1_15' title='bbox 1092 1003 1192 1076; x_wconf 89' lang='lat' dir='ltr'>Nam</span> <span class='ocrx_word' id='word_1_16' title='bbox 1216 1002 1251 1071; x_wconf 74' lang='grc' dir='ltr'>δι</span> <span class='ocrx_word' id='word_1_17' title='bbox 1271 1021 1350 1095; x_wconf 87' lang='lat' dir='ltr'>per·</span> 
     </span>
     <span class='ocr_line' id='line_1_4' title="bbox 364 1119 1352 1223; baseline -0.007 -25"><span class='ocrx_word' id='word_1_18' title='bbox 364 1123 509 1199; x_wconf 86' lang='lat' dir='ltr'>vastavit</span> <span class='ocrx_word' id='word_1_19' title='bbox 521 1149 634 1223; x_wconf 88' lang='lat' dir='ltr'>agros,</span> <span class='ocrx_word' id='word_1_20' title='bbox 662 1127 710 1213; x_wconf 88' lang='lat'>&amp;,</span> <span class='ocrx_word' id='word_1_21' title='bbox 741 1125 949 1222; x_wconf 89' lang='lat' dir='ltr'>populando</span> <span class='ocrx_word' id='word_1_22' title='bbox 964 1143 1071 1220; x_wconf 89' lang='lat' dir='ltr'>atque</span> <span class='ocrx_word' id='word_1_23' title='bbox 1096 1121 1236 1195; x_wconf 93' lang='lat' dir='ltr'>urendo</span> <span class='ocrx_word' id='word_1_24' title='bbox 1257 1119 1352 1191; x_wconf 70' lang='lat' dir='ltr'>toda</span> 
     </span>
     <span class='ocr_line' id='line_1_5' title="bbox 365 1239 1351 1341; baseline -0.008 -21"><span class='ocrx_word' id='word_1_25' title='bbox 365 1243 521 1320; x_wconf 88' lang='lat' dir='ltr'>hostium</span> <span class='ocrx_word' id='word_1_26' title='bbox 542 1243 697 1341; x_wconf 87' lang='lat' dir='ltr'>sataque,</span> <span class='ocrx_word' id='word_1_27' title='bbox 731 1243 770 1318; x_wconf 92' lang='lat' dir='ltr'>in</span> <span class='ocrx_word' id='word_1_28' title='bbox 795 1243 910 1319; x_wconf 81' lang='lat' dir='ltr'>aciem</span> <span class='ocrx_word' id='word_1_29' title='bbox 939 1242 1069 1318; x_wconf 80' lang='lat' dir='ltr'>invitos</span> <span class='ocrx_word' id='word_1_30' title='bbox 1093 1239 1265 1315; x_wconf 79' lang='lat' dir='ltr'>extraxit:</span> <span class='ocrx_word' id='word_1_31' title='bbox 1313 1241 1351 1312; x_wconf 74' lang='grc' dir='ltr'>ὅτ</span> 
     </span>
     <span class='ocr_line' id='line_1_6' title="bbox 366 1360 1350 1464; baseline -0.009 -25"><span class='ocrx_word' id='word_1_32' title='bbox 366 1363 416 1440; x_wconf 91' lang='lat' dir='ltr'>ita</span> <span class='ocrx_word' id='word_1_33' title='bbox 432 1363 566 1464; x_wconf 90' lang='lat' dir='ltr'>proelio</span> <span class='ocrx_word' id='word_1_34' title='bbox 583 1389 658 1438; x_wconf 93' lang='lat' dir='ltr'>uno</span> <span class='ocrx_word' id='word_1_35' title='bbox 674 1363 812 1438; x_wconf 89' lang='lat' dir='ltr'>adeidit</span> <span class='ocrx_word' id='word_1_36' title='bbox 823 1363 1051 1438; x_wconf 85' lang='lat' dir='ltr'>Vestinorum</span> <span class='ocrx_word' id='word_1_37' title='bbox 1067 1389 1134 1450; x_wconf 80' lang='lat' dir='ltr'>res,</span> <span class='ocrx_word' id='word_1_38' title='bbox 1160 1360 1350 1456; x_wconf 85' lang='lat' dir='ltr'>haudqua-</span> 
     </span>
     <span class='ocr_line' id='line_1_7' title="bbox 365 1477 1351 1584; baseline -0.007 -24"><span class='ocrx_word' id='word_1_39' title='bbox 365 1511 477 1584; x_wconf 86' lang='lat' dir='ltr'>quam</span> <span class='ocrx_word' id='word_1_40' title='bbox 494 1506 612 1558; x_wconf 89' lang='lat' dir='ltr'>tamen</span> <span class='ocrx_word' id='word_1_41' title='bbox 629 1483 816 1558; x_wconf 89' lang='lat' dir='ltr'>incruento</span> <span class='ocrx_word' id='word_1_42' title='bbox 833 1483 946 1559; x_wconf 89' lang='lat' dir='ltr'>milite</span> <span class='ocrx_word' id='word_1_43' title='bbox 963 1483 1039 1572; x_wconf 90' lang='lat' dir='ltr'>suo,</span> <span class='ocrx_word' id='word_1_44' title='bbox 1072 1505 1115 1556; x_wconf 93' lang='lat' dir='ltr'>ut</span> <span class='ocrx_word' id='word_1_45' title='bbox 1131 1509 1205 1556; x_wconf 90' lang='lat' dir='ltr'>non</span> <span class='ocrx_word' id='word_1_46' title='bbox 1221 1480 1261 1554; x_wconf 91' lang='lat' dir='ltr'>in</span> <span class='ocrx_word' id='word_1_47' title='bbox 1276 1477 1351 1554; x_wconf 87' lang='lat' dir='ltr'>cas·</span> 
     </span>
     <span class='ocr_line' id='line_1_8' title="bbox 366 1600 1352 1704; baseline -0.008 -24"><span class='ocrx_word' id='word_1_48' title='bbox 366 1625 417 1680; x_wconf 87' lang='lat' dir='ltr'>tra</span> <span class='ocrx_word' id='word_1_49' title='bbox 443 1603 556 1679; x_wconf 91' lang='lat' dir='ltr'>solum</span> <span class='ocrx_word' id='word_1_50' title='bbox 588 1603 788 1704; x_wconf 84' lang='lat' dir='ltr'>refugerent</span> <span class='ocrx_word' id='word_1_51' title='bbox 818 1605 946 1694; x_wconf 89' lang='lat' dir='ltr'>hostes,</span> <span class='ocrx_word' id='word_1_52' title='bbox 977 1603 1050 1694; x_wconf 89' lang='lat' dir='ltr'>sed,</span> <span class='ocrx_word' id='word_1_53' title='bbox 1074 1605 1151 1701; x_wconf 85' lang='lat' dir='ltr'>jam</span> <span class='ocrx_word' id='word_1_54' title='bbox 1180 1627 1226 1676; x_wconf 92' lang='lat' dir='ltr'>ne</span> <span class='ocrx_word' id='word_1_55' title='bbox 1255 1600 1352 1674; x_wconf 85' lang='lat' dir='ltr'>vallo</span> 
     </span>
     <span class='ocr_line' id='line_1_9' title="bbox 364 1720 1350 1824; baseline -0.006 -24"><span class='ocrx_word' id='word_1_56' title='bbox 364 1725 513 1824; x_wconf 91' lang='lat' dir='ltr'>quidem</span> <span class='ocrx_word' id='word_1_57' title='bbox 545 1749 587 1799; x_wconf 90' lang='lat' dir='ltr'>ae</span> <span class='ocrx_word' id='word_1_58' title='bbox 615 1723 706 1799; x_wconf 84' lang='lat' dir='ltr'>follis</span> <span class='ocrx_word' id='word_1_59' title='bbox 739 1725 832 1814; x_wconf 88' lang='lat' dir='ltr'>freti,</span> <span class='ocrx_word' id='word_1_60' title='bbox 865 1726 1104 1801; x_wconf 84' lang='lat' dir='ltr'>dilaberentur</span> <span class='ocrx_word' id='word_1_61' title='bbox 1133 1721 1170 1798; x_wconf 91' lang='lat' dir='ltr'>in</span> <span class='ocrx_word' id='word_1_62' title='bbox 1200 1720 1350 1820; x_wconf 84' lang='lat' dir='ltr'>oppida,</span> 
     </span>
     <span class='ocr_line' id='line_1_10' title="bbox 364 1841 1351 1944; baseline -0.007 -24"><span class='ocrx_word' id='word_1_63' title='bbox 364 1849 429 1920; x_wconf 87' lang='lat' dir='ltr'>srnr</span> <span class='ocrx_word' id='word_1_64' title='bbox 446 1843 592 1920; x_wconf 91' lang='lat' dir='ltr'>urbium</span> <span class='ocrx_word' id='word_1_65' title='bbox 606 1844 866 1944; x_wconf 86' lang='lat' dir='ltr'>moenibusque</span> <span class='ocrx_word' id='word_1_66' title='bbox 879 1843 912 1920; x_wconf 89' lang='lat' dir='ltr'>se</span> <span class='ocrx_word' id='word_1_67' title='bbox 929 1843 1116 1920; x_wconf 87' lang='lat' dir='ltr'>defensuri.</span> <span class='ocrx_word' id='word_1_68' title='bbox 1165 1841 1351 1918; x_wconf 90' lang='lat' dir='ltr'>Postremo</span> 
     </span>
     <span class='ocr_line' id='line_1_11' title="bbox 364 1964 1348 2066; baseline -0.005 -25"><span class='ocrx_word' id='word_1_69' title='bbox 364 1965 499 2066; x_wconf 90' lang='lat' dir='ltr'>oppida</span> <span class='ocrx_word' id='word_1_70' title='bbox 515 1992 661 2066; x_wconf 90' lang='lat' dir='ltr'>quoque</span> <span class='ocrx_word' id='word_1_71' title='bbox 681 1965 717 2040; x_wconf 92' lang='lat' dir='ltr'>vi</span> <span class='ocrx_word' id='word_1_72' title='bbox 734 1991 938 2066; x_wconf 82' lang='lat' dir='ltr'>expugnare</span> <span class='ocrx_word' id='word_1_73' title='bbox 954 1967 1110 2052; x_wconf 80' lang='lat' dir='ltr'>adortus,</span> <span class='ocrx_word' id='word_1_74' title='bbox 1136 1964 1254 2062; x_wconf 89' lang='lat' dir='ltr'>primo</span> <span class='ocrx_word' id='word_1_75' title='bbox 1269 1965 1348 2037; x_wconf 90' lang='lat' dir='ltr'>Cu·</span> 
     </span>
     <span class='ocr_line' id='line_1_12' title="bbox 364 2081 1348 2184; baseline -0.005 -22"><span class='ocrx_word' id='word_1_76' title='bbox 364 2085 476 2162; x_wconf 86' lang='lat' dir='ltr'>tinam</span> <span class='ocrx_word' id='word_1_77' title='bbox 494 2085 630 2184; x_wconf 84' lang='lat' dir='ltr'>ingenti</span> <span class='ocrx_word' id='word_1_78' title='bbox 647 2087 768 2160; x_wconf 87' lang='lat' dir='ltr'>ardore</span> <span class='ocrx_word' id='word_1_79' title='bbox 792 2085 950 2161; x_wconf 92' lang='lat' dir='ltr'>militum</span> <span class='ocrx_word' id='word_1_80' title='bbox 976 2105 1038 2158; x_wconf 88' lang='lat' dir='ltr'>aut</span> <span class='ocrx_word' id='word_1_81' title='bbox 1062 2085 1254 2159; x_wconf 83' lang='lat' dir='ltr'>vulnenrm</span> <span class='ocrx_word' id='word_1_82' title='bbox 1282 2081 1348 2170; x_wconf 80' lang='lat' dir='ltr'>ire,</span> 
     </span>
     <span class='ocr_line' id='line_1_13' title="bbox 364 2203 1347 2305; baseline -0.004 -26"><span class='ocrx_word' id='word_1_83' title='bbox 364 2208 464 2304; x_wconf 91' lang='lat' dir='ltr'>quod</span> <span class='ocrx_word' id='word_1_84' title='bbox 479 2208 577 2280; x_wconf 88' lang='lat' dir='ltr'>haud</span> <span class='ocrx_word' id='word_1_85' title='bbox 594 2204 664 2280; x_wconf 90' lang='lat' dir='ltr'>sere</span> <span class='ocrx_word' id='word_1_86' title='bbox 685 2203 874 2304; x_wconf 90' lang='lat' dir='ltr'>quisquam</span> <span class='ocrx_word' id='word_1_87' title='bbox 889 2205 1026 2305; x_wconf 86' lang='lat' dir='ltr'>integer</span> <span class='ocrx_word' id='word_1_88' title='bbox 1042 2203 1177 2304; x_wconf 87' lang='lat' dir='ltr'>proelio</span> <span class='ocrx_word' id='word_1_89' title='bbox 1194 2204 1347 2277; x_wconf 81' lang='lat' dir='ltr'>excesse-</span> 
     </span>
     <span class='ocr_line' id='line_1_14' title="bbox 364 2319 1347 2426; baseline -0.006 -26"><span class='ocrx_word' id='word_1_90' title='bbox 364 2346 429 2414; x_wconf 88' lang='lat' dir='ltr'>rat,</span> <span class='ocrx_word' id='word_1_91' title='bbox 457 2324 554 2400; x_wconf 86' lang='lat' dir='ltr'>scalis</span> <span class='ocrx_word' id='word_1_92' title='bbox 584 2324 695 2422; x_wconf 82' lang='lat' dir='ltr'>cepit:</span> <span class='ocrx_word' id='word_1_93' title='bbox 730 2325 862 2400; x_wconf 90' lang='lat' dir='ltr'>deinde</span> <span class='ocrx_word' id='word_1_94' title='bbox 891 2325 1096 2426; x_wconf 86' lang='lat' dir='ltr'>Cingiliam.</span> <span class='ocrx_word' id='word_1_95' title='bbox 1145 2319 1347 2419; x_wconf 87' lang='lat' dir='ltr'>Utriusque</span> 
     </span>
     <span class='ocr_line' id='line_1_15' title="bbox 362 2443 1346 2544; baseline -0.002 -26"><span class='ocrx_word' id='word_1_96' title='bbox 362 2445 462 2520; x_wconf 92' lang='lat' dir='ltr'>urbis</span> <span class='ocrx_word' id='word_1_97' title='bbox 474 2444 650 2544; x_wconf 81' lang='lat' dir='ltr'>praedam</span> <span class='ocrx_word' id='word_1_98' title='bbox 661 2443 850 2535; x_wconf 83' lang='lat' dir='ltr'>militibus,</span> <span class='ocrx_word' id='word_1_99' title='bbox 880 2447 982 2544; x_wconf 92' lang='lat' dir='ltr'>quod</span> <span class='ocrx_word' id='word_1_100' title='bbox 998 2472 1058 2520; x_wconf 85' lang='lat' dir='ltr'>eos</span> <span class='ocrx_word' id='word_1_101' title='bbox 1075 2469 1193 2543; x_wconf 91' lang='lat' dir='ltr'>neque</span> <span class='ocrx_word' id='word_1_102' title='bbox 1208 2462 1346 2541; x_wconf 86' lang='lat' dir='ltr'>portae,</span> 
     </span>
     <span class='ocr_line' id='line_1_16' title="bbox 362 2561 1173 2664; baseline -0.001 -25"><span class='ocrx_word' id='word_1_103' title='bbox 362 2589 479 2664; x_wconf 91' lang='lat' dir='ltr'>neque</span> <span class='ocrx_word' id='word_1_104' title='bbox 497 2561 591 2639; x_wconf 92' lang='lat' dir='ltr'>muri</span> <span class='ocrx_word' id='word_1_105' title='bbox 606 2563 762 2638; x_wconf 89' lang='lat' dir='ltr'>hostium</span> <span class='ocrx_word' id='word_1_106' title='bbox 775 2586 969 2653; x_wconf 84' lang='lat' dir='ltr'>arcuerant,</span> <span class='ocrx_word' id='word_1_107' title='bbox 999 2567 1173 2640; x_wconf 82' lang='lat' dir='ltr'>conceffit.</span> 
     </span>
    </p>

    <p class='ocr_par' dir='ltr' id='par_1_3' title="bbox 411 2681 1344 2784">
     <span class='ocr_line' id='line_1_17' title="bbox 411 2681 1344 2784; baseline -0.006 -24"><span class='ocrx_word' id='word_1_108' title='bbox 411 2687 535 2760; x_wconf 86' lang='lat' dir='ltr'><strong>XXX.</strong></span> <span class='ocrx_word' id='word_1_109' title='bbox 559 2685 600 2758; x_wconf 95' lang='lat' dir='ltr'>In</span> <span class='ocrx_word' id='word_1_110' title='bbox 617 2683 803 2758; x_wconf 89' lang='lat' dir='ltr'>Samnium</span> <span class='ocrx_word' id='word_1_111' title='bbox 825 2684 966 2760; x_wconf 89' lang='lat' dir='ltr'>incertis</span> <span class='ocrx_word' id='word_1_112' title='bbox 985 2683 1079 2760; x_wconf 89' lang='lat' dir='ltr'>itum</span> <span class='ocrx_word' id='word_1_113' title='bbox 1091 2682 1255 2784; x_wconf 84' lang='lat' dir='ltr'>auspiciis</span> <span class='ocrx_word' id='word_1_114' title='bbox 1276 2681 1344 2757; x_wconf 80' lang='lat' dir='ltr'>est:</span> 
     </span>
    </p>
   </div>
   <div class='ocr_carea' id='block_1_3' title="bbox 363 2802 1504 2904">
    <p class='ocr_par' dir='ltr' id='par_1_4' title="bbox 363 2802 1504 2904">
     <span class='ocr_line' id='line_1_18' title="bbox 363 2802 1504 2904; baseline -0.006 -21"><span class='ocrx_word' id='word_1_115' title='bbox 363 2807 463 2903; x_wconf 87' lang='lat' dir='ltr'>cujus</span> <span class='ocrx_word' id='word_1_116' title='bbox 494 2803 544 2878; x_wconf 88' lang='lat' dir='ltr'>rei</span> <span class='ocrx_word' id='word_1_117' title='bbox 572 2802 703 2878; x_wconf 88' lang='lat' dir='ltr'>vitium</span> <span class='ocrx_word' id='word_1_118' title='bbox 736 2829 810 2878; x_wconf 91' lang='lat' dir='ltr'>non</span> <span class='ocrx_word' id='word_1_119' title='bbox 843 2804 882 2879; x_wconf 89' lang='lat' dir='ltr'>in</span> <span class='ocrx_word' id='word_1_120' title='bbox 912 2806 998 2880; x_wconf 92' lang='lat' dir='ltr'>belli</span> <span class='ocrx_word' id='word_1_121' title='bbox 1030 2829 1211 2894; x_wconf 87' lang='lat' dir='ltr'>eventum,</span> <span class='ocrx_word' id='word_1_122' title='bbox 1242 2803 1346 2904; x_wconf 93' lang='lat' dir='ltr'>quod</span> <span class='ocrx_word' id='word_1_123' title='bbox 1499 2883 1504 2894; x_wconf 57' lang='grc'>,</span> 
     </span>
    </p>
   </div>
   <div class='ocr_carea' id='block_1_4' title="bbox 361 2923 1348 4223">
    <p class='ocr_par' dir='ltr' id='par_1_5' title="bbox 361 2923 1348 4223">
     <span class='ocr_line' id='line_1_19' title="bbox 362 2923 1347 3027; baseline -0.001 -28"><span class='ocrx_word' id='word_1_124' title='bbox 362 2924 522 3027; x_wconf 89' lang='lat' dir='ltr'>prospere</span> <span class='ocrx_word' id='word_1_125' title='bbox 539 2923 677 3022; x_wconf 90' lang='lat' dir='ltr'>gestum</span> <span class='ocrx_word' id='word_1_126' title='bbox 690 2923 753 3012; x_wconf 91' lang='lat' dir='ltr'>est,</span> <span class='ocrx_word' id='word_1_127' title='bbox 780 2923 894 2998; x_wconf 90' lang='lat' dir='ltr'>sedin</span> <span class='ocrx_word' id='word_1_128' title='bbox 910 2925 1044 3001; x_wconf 88' lang='lat' dir='ltr'>rabiem</span> <span class='ocrx_word' id='word_1_129' title='bbox 1061 2947 1169 3026; x_wconf 90' lang='lat' dir='ltr'>atque</span> <span class='ocrx_word' id='word_1_130' title='bbox 1195 2925 1261 2999; x_wconf 87' lang='lat' dir='ltr'>iras</span> <span class='ocrx_word' id='word_1_131' title='bbox 1277 2923 1347 2998; x_wconf 92' lang='lat' dir='ltr'>im·</span> 
     </span>
     <span class='ocr_line' id='line_1_20' title="bbox 364 3043 1347 3146; baseline -0.001 -27"><span class='ocrx_word' id='word_1_132' title='bbox 364 3065 566 3146; x_wconf 87' lang='lat' dir='ltr'>peratorum</span> <span class='ocrx_word' id='word_1_133' title='bbox 591 3043 707 3118; x_wconf 86' lang='lat' dir='ltr'>vertit.</span> <span class='ocrx_word' id='word_1_134' title='bbox 757 3047 926 3143; x_wconf 91' lang='lat' dir='ltr'>Namque</span> <span class='ocrx_word' id='word_1_135' title='bbox 950 3045 1111 3145; x_wconf 85' lang='lat' dir='ltr'>Papirius</span> <span class='ocrx_word' id='word_1_136' title='bbox 1128 3044 1292 3133; x_wconf 76' lang='lat' dir='ltr'>diuator,</span> <span class='ocrx_word' id='word_1_137' title='bbox 1324 3069 1347 3118; x_wconf 90' lang='lat' dir='ltr'>a</span> 
     </span>
     <span class='ocr_line' id='line_1_21' title="bbox 362 3163 1344 3265; baseline -0.003 -25"><span class='ocrx_word' id='word_1_138' title='bbox 362 3164 511 3265; x_wconf 88' lang='lat' dir='ltr'>pullario</span> <span class='ocrx_word' id='word_1_139' title='bbox 538 3165 708 3252; x_wconf 90' lang='lat' dir='ltr'>monitus,</span> <span class='ocrx_word' id='word_1_140' title='bbox 737 3190 853 3263; x_wconf 92' lang='lat' dir='ltr'>quum</span> <span class='ocrx_word' id='word_1_141' title='bbox 879 3167 925 3239; x_wconf 84' lang='lat' dir='ltr'>ad</span> <span class='ocrx_word' id='word_1_142' title='bbox 953 3163 1152 3264; x_wconf 87' lang='lat' dir='ltr'>auspicium</span> <span class='ocrx_word' id='word_1_143' title='bbox 1186 3185 1344 3263; x_wconf 88' lang='lat' dir='ltr'>repeten-</span> 
     </span>
     <span class='ocr_line' id='line_1_22' title="bbox 362 3282 1344 3385; baseline -0.005 -24"><span class='ocrx_word' id='word_1_144' title='bbox 362 3289 453 3361; x_wconf 92' lang='lat' dir='ltr'>dum</span> <span class='ocrx_word' id='word_1_145' title='bbox 480 3287 638 3360; x_wconf 89' lang='lat' dir='ltr'>Romam</span> <span class='ocrx_word' id='word_1_146' title='bbox 664 3283 954 3382; x_wconf 88' lang='lat' dir='ltr'>proficisceretur,</span> <span class='ocrx_word' id='word_1_147' title='bbox 983 3285 1149 3385; x_wconf 85' lang='lat' dir='ltr'>magistro</span> <span class='ocrx_word' id='word_1_148' title='bbox 1178 3282 1344 3383; x_wconf 91' lang='lat' dir='ltr'>equitum</span> 
     </span>
     <span class='ocr_line' id='line_1_23' title="bbox 361 3400 1348 3493; baseline -0.003 -13"><span class='ocrx_word' id='word_1_149' title='bbox 361 3404 605 3493; x_wconf 87' lang='lat' dir='ltr'>denunciavit,</span> <span class='ocrx_word' id='word_1_150' title='bbox 636 3425 677 3478; x_wconf 91' lang='lat' dir='ltr'>ut</span> <span class='ocrx_word' id='word_1_151' title='bbox 703 3400 771 3478; x_wconf 90' lang='lat' dir='ltr'>sese</span> <span class='ocrx_word' id='word_1_152' title='bbox 801 3405 882 3478; x_wconf 90' lang='lat' dir='ltr'>loeo</span> <span class='ocrx_word' id='word_1_153' title='bbox 908 3425 1052 3492; x_wconf 88' lang='lat' dir='ltr'>teneret,</span> <span class='ocrx_word' id='word_1_154' title='bbox 1084 3431 1171 3493; x_wconf 91' lang='lat' dir='ltr'>neu,</span> <span class='ocrx_word' id='word_1_155' title='bbox 1199 3401 1348 3480; x_wconf 85' lang='lat' dir='ltr'>absente</span> 
     </span>
     <span class='ocr_line' id='line_1_24' title="bbox 361 3521 1343 3623; baseline 0 -24"><span class='ocrx_word' id='word_1_156' title='bbox 361 3523 408 3612; x_wconf 90' lang='lat' dir='ltr'>se,</span> <span class='ocrx_word' id='word_1_157' title='bbox 438 3549 523 3599; x_wconf 89' lang='lat' dir='ltr'>cum</span> <span class='ocrx_word' id='word_1_158' title='bbox 539 3523 637 3598; x_wconf 86' lang='lat' dir='ltr'>hoste</span> <span class='ocrx_word' id='word_1_159' title='bbox 659 3549 807 3602; x_wconf 87' lang='lat' dir='ltr'>manum</span> <span class='ocrx_word' id='word_1_160' title='bbox 825 3521 1028 3599; x_wconf 88' lang='lat' dir='ltr'>consereret.</span> <span class='ocrx_word' id='word_1_161' title='bbox 1079 3524 1212 3600; x_wconf 87' lang='lat' dir='ltr'>Fabius</span> <span class='ocrx_word' id='word_1_162' title='bbox 1225 3549 1343 3623; x_wconf 92' lang='lat' dir='ltr'>quum</span> 
     </span>
     <span class='ocr_line' id='line_1_25' title="bbox 361 3641 1341 3744; baseline 0.001 -25"><span class='ocrx_word' id='word_1_163' title='bbox 361 3643 439 3744; x_wconf 90' lang='lat' dir='ltr'>post</span> <span class='ocrx_word' id='word_1_164' title='bbox 456 3641 709 3742; x_wconf 71' lang='lat' dir='ltr'>profesiionem</span> <span class='ocrx_word' id='word_1_165' title='bbox 727 3643 905 3719; x_wconf 74' lang='lat' dir='ltr'>didatoris</span> <span class='ocrx_word' id='word_1_166' title='bbox 922 3669 985 3741; x_wconf 85' lang='lat' dir='ltr'>per</span> <span class='ocrx_word' id='word_1_167' title='bbox 999 3646 1233 3742; x_wconf 87' lang='lat' dir='ltr'>exploratores</span> <span class='ocrx_word' id='word_1_168' title='bbox 1242 3671 1341 3720; x_wconf 87' lang='lat' dir='ltr'>eom-</span> 
     </span>
     <span class='ocr_line' id='line_1_26' title="bbox 362 3761 1342 3865; baseline 0.001 -25"><span class='ocrx_word' id='word_1_169' title='bbox 362 3764 512 3865; x_wconf 80' lang='lat' dir='ltr'>perisset,</span> <span class='ocrx_word' id='word_1_170' title='bbox 539 3761 686 3862; x_wconf 91' lang='lat' dir='ltr'>perinde</span> <span class='ocrx_word' id='word_1_171' title='bbox 715 3763 837 3839; x_wconf 90' lang='lat' dir='ltr'>omnia</span> <span class='ocrx_word' id='word_1_172' title='bbox 868 3762 980 3838; x_wconf 90' lang='lat' dir='ltr'>soluta</span> <span class='ocrx_word' id='word_1_173' title='bbox 1007 3766 1104 3863; x_wconf 91' lang='lat' dir='ltr'>apud</span> <span class='ocrx_word' id='word_1_174' title='bbox 1136 3765 1263 3854; x_wconf 79' lang='lat' dir='ltr'>hostes,</span> <span class='ocrx_word' id='word_1_175' title='bbox 1299 3791 1342 3841; x_wconf 85' lang='lat' dir='ltr'>ac</span> 
     </span>
     <span class='ocr_line' id='line_1_27' title="bbox 361 3880 1342 3973; baseline 0.001 -13"><span class='ocrx_word' id='word_1_176' title='bbox 361 3887 384 3960; x_wconf 86' lang='lat' dir='ltr'>sr</span> <span class='ocrx_word' id='word_1_177' title='bbox 415 3911 522 3960; x_wconf 93' lang='lat' dir='ltr'>nemo</span> <span class='ocrx_word' id='word_1_178' title='bbox 548 3885 734 3956; x_wconf 88' lang='lat' dir='ltr'>Romanus</span> <span class='ocrx_word' id='word_1_179' title='bbox 767 3880 806 3956; x_wconf 91' lang='lat' dir='ltr'>in</span> <span class='ocrx_word' id='word_1_180' title='bbox 837 3883 983 3960; x_wconf 90' lang='lat' dir='ltr'>Samnio</span> <span class='ocrx_word' id='word_1_181' title='bbox 1016 3887 1120 3973; x_wconf 81' lang='lat' dir='ltr'>effet3</span> <span class='ocrx_word' id='word_1_182' title='bbox 1153 3883 1212 3960; x_wconf 89' lang='lat' dir='ltr'>seu</span> <span class='ocrx_word' id='word_1_183' title='bbox 1239 3884 1342 3960; x_wconf 84' lang='lat' dir='ltr'>ferox</span> 
     </span>
     <span class='ocr_line' id='line_1_28' title="bbox 361 4001 1340 4104; baseline 0.003 -26"><span class='ocrx_word' id='word_1_184' title='bbox 361 4001 559 4078; x_wconf 85' lang='lat' dir='ltr'>adolescens</span> <span class='ocrx_word' id='word_1_185' title='bbox 589 4001 801 4102; x_wconf 89' lang='lat' dir='ltr'>indignitate</span> <span class='ocrx_word' id='word_1_186' title='bbox 826 4003 1004 4093; x_wconf 86' lang='lat' dir='ltr'>accensus,</span> <span class='ocrx_word' id='word_1_187' title='bbox 1036 4007 1138 4104; x_wconf 90' lang='lat' dir='ltr'>quod</span> <span class='ocrx_word' id='word_1_188' title='bbox 1164 4005 1285 4080; x_wconf 88' lang='lat' dir='ltr'>omnia</span> <span class='ocrx_word' id='word_1_189' title='bbox 1301 4006 1340 4081; x_wconf 95' lang='lat' dir='ltr'>in</span> 
     </span>
     <span class='ocr_line' id='line_1_29' title="bbox 362 4119 1339 4223; baseline 0.003 -25"><span class='ocrx_word' id='word_1_190' title='bbox 362 4122 530 4198; x_wconf 71' lang='lat' dir='ltr'>didatore</span> <span class='ocrx_word' id='word_1_191' title='bbox 556 4121 759 4198; x_wconf 88' lang='lat' dir='ltr'>viderentur</span> <span class='ocrx_word' id='word_1_192' title='bbox 784 4119 931 4223; x_wconf 75' lang='lat' dir='ltr'>reposita</span> <span class='ocrx_word' id='word_1_193' title='bbox 955 4127 1041 4216; x_wconf 71' lang='lat' dir='ltr'>effe,</span> <span class='ocrx_word' id='word_1_194' title='bbox 1073 4124 1133 4202; x_wconf 90' lang='lat' dir='ltr'>seu</span> <span class='ocrx_word' id='word_1_195' title='bbox 1158 4131 1339 4203; x_wconf 84' lang='lat' dir='ltr'>occafione</span> 
     </span>
    </p>
   </div>
   <div class='ocr_carea' id='block_1_5' title="bbox 0 0 1538 5342">
    <p class='ocr_par' dir='ltr' id='par_1_6' title="bbox 0 0 1538 5342">
     <span class='ocr_line' id='line_1_30' title="bbox 0 0 1538 5342; baseline 0 1"><span class='ocrx_word' id='word_1_196' title='bbox 0 0 1538 5342; x_wconf 95' lang='lat' dir='ltr'> </span> 
     </span>
    </p>
   </div>
  </div>
 </body>
</html>
