3067 5342
394 819 399 831 Ι
498 710 862 786 L1sanll.
1091 733 1176 809 209.
1276 723 1277 726 ’

178 881 346 981 quisque,
368 881 434 982 qui
457 885 616 959 Romam
637 882 876 960 mitterentur:
907 882 1037 982 uulgus
1062 882 1161 959 aliud

176 1001 406 1078 trucidatum.
456 1006 536 1079 Nec
562 1005 719 1103 populus
737 1003 776 1078 in
793 1029 865 1093 eos,
890 1002 954 1103 qui
976 1002 1066 1077 mitfi
1083 1007 1162 1100 Ro-¹

176 1147 277 1196 mam
303 1143 414 1210 erant,
447 1123 568 1198 mitior
597 1123 678 1198 suit
728 1123 860 1198 Medio
879 1122 918 1196 in
934 1121 1012 1197 soro
1036 1148 1161 1197 omnes

176 1239 286 1340 virgis
300 1245 384 1316 caefi
401 1269 442 1316 ac
457 1241 570 1318 securi
583 1247 741 1343 percussi.
790 1245 835 1317 Id
848 1269 912 1342 pro
930 1241 1107 1318 inmolatis
1121 1243 1159 1318 in

175 1359 256 1434 foro
285 1361 598 1460 Tarquiniensium
627 1361 804 1439 Romanis
834 1389 968 1461 poenae
999 1363 1159 1439 hostibus

175 1480 372 1556 redditum.
423 1485 498 1556 Res
527 1485 621 1557 bello
652 1487 743 1560 bene
766 1483 899 1583 gestae,
921 1502 963 1556 ut
984 1481 1159 1558 Samnites

174 1625 324 1701 quoque
341 1599 536 1677 amicitiam
558 1623 730 1701 peterent,
760 1605 963 1678 effecerunt.
1013 1599 1159 1701 Legatis

174 1747 301 1796 eorum
324 1719 474 1796 comiter
495 1725 541 1796 ab
564 1721 682 1798 senatu
704 1721 931 1821 responsum:
961 1721 1101 1795 foedere
1119 1720 1158 1795 in

174 1839 377 1915 societatem
395 1828 544 1939 sccepti.
578 1845 665 1916 Non
678 1843 803 1917 eadem
821 1841 935 1930 domi,
952 1867 1045 1940 quae
1063 1841 1157 1916 mili-

172 1959 255 2048 tiae,
275 1959 418 2034 sottuna
433 1983 505 2036 erat
520 1961 616 2060 plebi
634 1965 831 2037 Romanae.
881 1966 979 2037 Nam
996 1965 1068 2050 etsi,
1090 1987 1157 2035 un-

170 2077 283 2154 ciario
309 2079 451 2155 foenore
477 2080 584 2169 sado,
607 2083 720 2156 levata
743 2080 849 2155 usura
865 2101 949 2169 erat,
978 2080 1066 2156 sorte
1084 2081 1157 2180 ipsa

173 2203 416 2275 obruebantur
432 2200 568 2299 inopes,
591 2216 799 2298 nexumque
816 2199 965 2276 inibant.
1018 2204 1074 2275 Eo
1091 2228 1157 2277 nee

171 2319 338 2419 patricios
364 2323 473 2394 ambo
498 2319 671 2408 consules,
702 2345 821 2417 neque
837 2319 1073 2400 ¹comitiorum
1094 2347 1157 2396 cu·

171 2465 262 2529 ram,
289 2439 478 2538 publicave
499 2439 616 2514 studia
641 2465 722 2537 prae
748 2439 892 2538 privatis
917 2439 1156 2515 incommodis

171 2561 272 2656 plebs
298 2561 345 2633 ad
365 2557 529 2634 animum
550 2559 770 2648 admittebat.
821 2558 1033 2633 Consulatus
1062 2581 1156 2634 utet-

170 2705 244 2776 que
273 2680 373 2776 apud
402 2678 568 2777 patricios
599 2700 728 2753 manet.
758 2678 949 2753 Consules
979 2677 1085 2753 creati
1111 2681 1155 2754 C.

170 2798 350 2897 Sulpicius
376 2798 519 2873 Peticus
549 2819 731 2896 quartum,
762 2801 822 2874 M.
842 2797 1003 2872 Valerius
1030 2797 1154 2873 Publi-

170 2923 249 2996 cola
266 2920 409 2994 iterum.
459 2921 502 2992 In
516 2920 653 2993 bellum
671 2917 862 2993 Etruscum
879 2917 1051 2991 intentam
1067 2916 1154 2992 civi-

171 3060 292 3128 tatem,
321 3037 408 3137 quia
423 3038 600 3114 Caeritem
616 3041 795 3137 populum
806 3036 1052 3113 misericordia
1068 3063 1152 3112 con-

168 3157 413 3258 sanguinitatis
455 3156 771 3256 Tarquiniensibus
813 3158 1024 3253 adjunslum
1060 3156 1154 3232 sama

170 3279 317 3367 serebat,
337 3280 444 3378 legati
457 3277 580 3352 Latini
596 3278 643 3351 ad
657 3277 802 3352 Volscos
819 3299 1035 3366 convertere,
1059 3303 1152 3352 nun·
1200 3328 1203 3334 -

170 3399 317 3488 ciantes,
347 3397 544 3473 exercitum
561 3395 801 3493 conscriptum
817 3409 1065 3495 armatumque
1076 3397 1152 3493 jam

168 3518 238 3595 suis
255 3519 388 3594 finibus
403 3517 598 3592 inmineret
629 3517 714 3591 inde
739 3517 1014 3614 populabundos
1037 3515 1076 3591 in
1108 3543 1145 3589 a-

169 3665 274 3739 grum
308 3640 518 3713 Romanum
543 3657 710 3712 venturos
739 3639 818 3711 effe.
868 3635 1014 3710 Censuit
1043 3636 1153 3736 igitur

167 3759 318 3846 senatus,
335 3779 498 3832 neutram
517 3757 775 3856 neglegendam
793 3780 866 3829 rem
877 3757 972 3829 effe:
996 3777 1150 3854 utroque

167 3877 326 3978 legiones
335 3875 453 3965 scribi,
469 3875 698 3974 consulesque
712 3873 825 3949 sortiri
836 3873 1034 3972 provincias
1041 3875 1148 3971 juffit.

168 3996 357 4072 lnclinavit
383 3995 515 4071 deiude
534 4021 611 4094 pars
634 3997 746 4092 major
765 4019 869 4069 curae
892 3994 930 4067 in
957 3994 1149 4070 Etruscum

167 4119 304 4192 bellum
310 4151 323 4206 3
356 4117 546 4217 postquam
570 4114 680 4190 literis
710 4112 861 4213 Sulpicii
893 4113 1059 4205 consulis,
1088 4114 1148 4190 cui
