3067 5342
523 699 869 772 LruanVI.
1120 725 1184 800 173

202 873 300 956 haud
318 871 437 950 minus
456 875 534 974 post
549 901 661 949 annos
677 899 718 949 ea
742 875 835 948 asta:
867 875 937 949 hoc
954 893 1073 948 autem
1091 898 1184 974 anno

202 995 241 1068 in
257 995 403 1070 Albano
419 1021 503 1094 agro
526 1022 613 1070 cum
630 994 756 1083 Gallis,
787 995 957 1070 dictatore
975 997 1034 1068 M.
1059 995 1182 1083 Furio,

202 1116 446 1214 srgnacollata.
495 1117 577 1190 Nec
590 1115 714 1204 dubia,
747 1141 812 1190 nec
831 1114 991 1189 difficilis
1010 1117 1185 1190 Romanis

205 1239 441 1334 (quamquam
471 1235 653 1335 ingentem
683 1237 779 1312 Galli
813 1257 980 1314 terrorem
1011 1237 1184 1311 memoria

201 1353 366 1452 pristinae
392 1355 502 1430 cladis
525 1358 738 1452 adtulerant)
764 1356 912 1431 ristona
931 1355 1011 1430 suit.
1062 1359 1185 1431 Multa

201 1473 313 1549 millia
342 1477 570 1551 barbarorum
599 1475 637 1551 in
664 1477 752 1565 acie,
784 1480 898 1552 multa
926 1476 1036 1576 captis
1064 1478 1181 1552 castris

201 1595 326 1670 caesa:
374 1595 480 1694 palari
513 1596 572 1670 alii
604 1598 778 1696 Apuliam
814 1597 970 1672 maxime
1009 1619 1181 1697 petentes,

200 1743 317 1815 quum
327 1717 413 1816 suga
429 1718 463 1793 se
481 1717 690 1818 longinqua,
722 1741 801 1794 tum
818 1721 920 1818 quod
933 1717 1052 1818 passrm
1070 1745 1130 1794 eos
1142 1723 1181 1792 fi-

200 1839 277 1910 mul
302 1863 411 1936 pavor
441 1859 620 1936 terrorque
646 1839 864 1926 distulerant,
907 1842 953 1914 ab
986 1839 1084 1914 hoste
1111 1839 1179 1913 sese

199 1957 303 2032 tutati
325 1956 417 2032 sunt.
467 1958 655 2047 Dictatori,
685 1957 852 2033 consensu
881 1962 1027 2032 Parrum
1054 1959 1181 2056 plebis-

200 2103 285 2174 que,
317 2076 520 2175 triumphus
537 2080 709 2153 decretus.
759 2079 924 2153 Vixdum
951 2077 1179 2174 perfunctum

200 2194 285 2271 eum
311 2200 407 2272 bello
430 2197 580 2274 atrocior
605 2199 705 2272 domi
730 2198 856 2274 seditio
873 2197 1031 2296 excepit:
1067 2203 1180 2296 &per

201 2317 359 2418 ingentia
381 2317 572 2393 certamina
587 2317 737 2392 dictator
753 2317 960 2416 senatusque
976 2318 1104 2408 vidus,
1137 2341 1181 2392 ut

199 2437 399 2538 rogationes
430 2436 641 2513 tribuniciae
671 2436 938 2536 acciperentur;
968 2443 1001 2513 δι
1035 2439 1180 2514 comitia

200 2557 387 2634 consulum
419 2557 560 2634 adversa
587 2556 771 2631 nobilitate
797 2557 929 2645 habita,
970 2558 1104 2656 quibus
1133 2563 1180 2633 L.

199 2676 340 2752 Sextius
355 2681 400 2752 de
422 2679 524 2776 plebe
543 2677 680 2775 primus
703 2675 825 2751 consul
843 2676 966 2750 sadus.
1018 2682 1067 2752 Et
1090 2704 1134 2751 ne
1152 2678 1181 2753 is
1291 2683 1295 2692 '

200 2795 350 2897 quidem
371 2797 452 2872 finis
478 2797 713 2872 certaminum
730 2797 809 2872 suit.
860 2795 958 2898 Qtia
984 2797 1121 2894 patricii
1147 2797 1180 2871 se

198 2922 357 2993 austores
395 2917 533 2992 futuros
572 2921 763 3016 negabant,
807 2942 916 3015 prope
956 2915 1179 2992 seceffionem

197 3038 311 3135 plebis
324 3064 377 3111 res
397 3037 636 3136 terribilesque
658 3037 740 3110 alias
758 3036 871 3110 minas
886 3037 1051 3112 civilium
1070 3061 1178 3112 certa·

198 3156 339 3231 minum
350 3157 464 3231 venit:
486 3182 602 3255 quum
616 3179 734 3230 tamen
747 3184 810 3255 per
825 3156 1033 3232 didatorem
1053 3157 1178 3232 condi-

198 3275 357 3350 tionibus
383 3275 518 3350 sedatae
549 3275 744 3351 discordiae
771 3275 864 3365 sunt,
901 3280 1176 3376 concessumque

198 3401 242 3472 ab
269 3395 454 3471 nobilitate
479 3395 576 3495 plebi
604 3398 649 3469 de
678 3395 821 3470 consule
843 3398 1002 3494 plebejo;
1037 3399 1177 3494 aplebe

197 3516 373 3592 nobilitati
402 3518 447 3590 de
467 3536 624 3613 praetore
637 3540 726 3604 uno,
761 3514 825 3614 qui
843 3517 902 3613 jus
920 3516 957 3589 in
980 3521 1068 3592 urbe
1082 3518 1179 3594 dice-

197 3658 260 3724 ret,
308 3662 354 3710 ex
381 3634 545 3710 Patribus
574 3637 737 3713 creando.
804 3639 857 3709 Ita
885 3641 931 3712 ab
960 3637 1100 3712 diutina
1130 3639 1180 3713 ira

197 3759 341 3831 tandem
359 3755 397 3828 in
414 3755 643 3830 concordiam
662 3754 811 3830 rededis
830 3754 1031 3844 ordinibus,
1060 3782 1177 3856 quum

199 3875 344 3978 dignam
361 3903 439 3952 eam
453 3902 528 3951 rem
544 3875 681 3950 senatus
699 3875 852 3950 censeret
870 3877 949 3962 effe,
978 3875 1179 3974 meritoque

195 3995 248 4089 id,
279 3999 302 4069 fi
329 3998 476 4095 quando
498 4021 674 4094 umquam
703 3995 800 4082 alias,
835 3997 955 4070 Debm
983 3994 1177 4071 inmortali-

198 4143 260 4192 um
286 4119 400 4193 caussa
414 4116 565 4193 libenter
581 4115 732 4192 fasturos
749 4114 837 4204 sore,
868 4135 909 4189 ut
928 4115 1006 4189 ludi
1025 4117 1173 4192 maximi
