3067 5342
491 681 819 756 LinnnV.
1107 709 1146 756 11

177 868 387 955 “urgemus
426 855 596 931 obsessos:
639 859 663 930 fi
701 881 775 928 non
808 875 888 930 ante
918 853 1150 945 abscedimus,

176 987 201 1020 “
220 1003 327 1074 quam
345 974 414 1074 spei
441 975 571 1050 nostrae
595 977 704 1048 finem
727 974 835 1072 captis
855 973 949 1068 Vejis
962 973 1151 1073 inposueri-

176 1108 202 1141 “
221 1123 310 1170 mus.
361 1095 411 1180 Si,
440 1096 628 1182 Hercules,
649 1098 746 1168 nulla
769 1095 836 1168 alia
858 1097 982 1179 cauffa,
1008 1093 1078 1193 ipsa
1098 1095 1152 1168 in·

177 1215 372 1314 “dignitas
392 1213 676 1313 perseverantiam
699 1215 866 1313 inponere
892 1212 1028 1288 debuit.
1078 1215 1150 1287 De-

178 1347 203 1380 “
222 1363 299 1411 cem
326 1336 508 1432 quondam
538 1361 648 1408 annos
675 1338 758 1410 urbs
787 1338 990 1432 obpugnata
1018 1332 1067 1406 est
1105 1337 1153 1408 ob

176 1465 328 1528 “unam
358 1453 542 1528 mulierem
577 1458 621 1527 ab
653 1453 812 1528 universa
840 1452 1007 1528 Graecia:
1044 1477 1153 1548 quam

177 1584 202 1616 ‘⁴
222 1576 343 1672 procul
369 1577 414 1647 ab
439 1574 570 1648 domo?
603 1595 691 1671 quot
711 1596 825 1662 terras,
848 1595 938 1671 quot
964 1570 1072 1644 maria
1084 1571 1153 1645 dis-

178 1703 204 1736 “
223 1696 323 1766 tans?
373 1695 451 1766 Nos
481 1691 570 1766 intra
592 1692 796 1766 vicesimum
816 1693 981 1792 lapidem,
1013 1691 1050 1764 in
1070 1717 1154 1765 con-

177 1795 338 1910 “rpem
356 1836 461 1909 prope
485 1811 581 1886 urbis
604 1811 750 1898 nostrae,
775 1839 927 1886 annuam
942 1811 1155 1910 obpugnari-

179 1942 329 2004 “onem
345 1930 491 2028 perferre
514 1931 626 2030 piget:
654 1930 797 2018 scilicet,
823 1930 908 2029 quia
931 1930 1016 2004 levis
1043 1933 1155 2005 cauffa

178 2060 204 2093 ‘⁴
222 2049 306 2124 belli
330 2049 392 2137 est,
416 2076 481 2123 nec
510 2049 588 2126 satis
613 2049 811 2149 quidquam
831 2051 916 2146 justi
936 2049 1067 2125 doloris
1092 2051 1155 2138 est,

178 2180 205 2212 “
224 2171 323 2266 quod
352 2195 415 2243 nos
438 2172 482 2244 ad
502 2169 789 2268 perseverandum
811 2169 975 2244 stimulet.
1025 2170 1157 2268 Septies

179 2298 205 2330 “
224 2290 444 2376 rebellarunt,
479 2289 517 2362 in
548 2316 632 2386 pace
667 2315 861 2387 numquam
888 2291 960 2363 fida
987 2289 1155 2364 fuerunt:

180 2419 206 2452 ‘⁴
223 2433 322 2506 agros
341 2407 471 2482 nostros
485 2409 611 2484 millies
627 2408 829 2506 depopulati
843 2408 938 2483 sunt:
971 2409 1157 2484 Fidenates

180 2539 205 2570 ‘⁸
225 2529 373 2602 deficere
391 2527 526 2603 anobis
548 2537 754 2626 coegerunt:
786 2530 930 2602 colonos
949 2530 1081 2603 nostros
1105 2530 1156 2604 ibi

180 2658 206 2690 “
224 2647 487 2722 interfecerunt:
511 2651 666 2722 audlores
685 2647 779 2720 fuere
790 2670 910 2721 contra
925 2650 983 2744 jus
998 2650 1158 2747 gentium

180 2766 340 2841 “caedis
365 2767 479 2865 inpiae
504 2768 698 2865 legatorum
725 2767 941 2840 nostrorum:
981 2767 1157 2842 Etruriam

180 2895 206 2928 ‘⁸
225 2911 370 2960 omnem
395 2885 555 2961 adversus
581 2912 644 2959 nos
670 2885 843 2960 concitare
863 2889 1063 2974 voluerunt,
1095 2891 1158 2960 ho-

182 3015 207 3048 “
227 3005 356 3104 dieque
372 3006 411 3079 id
420 3006 632 3080 moliuntur:
658 3031 708 3078 res
725 3026 917 3102 repetentes
934 3009 1064 3104 legatos
1082 3005 1158 3080 nos-

182 3136 207 3168 “
227 3145 309 3214 tros,
342 3129 439 3200 haud
457 3129 579 3224 procul
595 3124 697 3212 afuit,
724 3125 813 3222 quin
834 3124 1037 3198 violarent.’'

232 3246 277 3318 V.
303 3255 328 3288 “
347 3247 442 3319 Cum
456 3244 511 3318 his
530 3243 682 3318 molliter
697 3250 730 3318 δι
745 3269 805 3340 per
821 3242 1005 3317 dilationes
1025 3245 1159 3318 bellum

182 3374 208 3406 ‘⁴
226 3362 301 3462 geri
323 3366 481 3460 oportet?
531 3363 567 3438 Si
595 3391 658 3438 nos
675 3385 745 3436 tam
761 3363 898 3459 justum
921 3362 1047 3438 odium
1071 3363 1160 3437 nihil

183 3493 209 3526 “
228 3504 361 3569 movet,
399 3509 442 3556 ne
477 3483 535 3556 illa
563 3483 726 3581 quidem,
773 3510 836 3557 oro
866 3511 942 3571 vos,
984 3486 1161 3556 movent?

183 3601 405 3699 “Operibus
426 3601 626 3700 ingentibus
645 3601 739 3702 septa
762 3607 845 3677 urbs
869 3605 930 3691 est,
961 3602 1091 3701 quibus
1107 3601 1161 3674 in-

185 3732 211 3764 “
230 3741 412 3795 tramuros
432 3729 611 3796 coercetur
628 3722 744 3796 hostis.
796 3728 935 3820 Agrum
953 3747 1026 3794 non
1038 3721 1162 3807 coluit,

186 3851 211 3882 “
230 3844 264 3914 ὅτ
282 3843 377 3914 culta
393 3839 539 3914 evastata
561 3839 641 3914 sunt
664 3843 768 3916 bello,
819 3841 854 3916 si
878 3841 1080 3916 reducimus
1102 3865 1162 3914 ex-

186 3970 211 4003 “
230 3959 393 4048 ercitum,
427 3960 508 4058 quis
536 3960 597 4048 est,
634 3960 697 4058 qui
730 3959 884 4048 dubitet,
916 3960 1006 4049 illos,
1047 3985 1166 4033 nona
1261 3957 1265 3961 ’

186 4090 212 4123 “
230 4080 424 4179 cupiditate
440 4079 554 4154 solum
577 4079 784 4168 ulciscendi,
809 4079 870 4153 sed
891 4079 998 4154 etiam
1025 4083 1162 4154 neceffi-
