3067 5342
488 725 524 799 L
551 752 564 800 1
595 752 614 800 n
644 751 666 799 r.
695 752 717 799 n
770 726 869 801 VIII.
1121 755 1191 828 309

207 917 255 984 ta,
283 922 393 996 quam
418 897 455 972 in
478 900 626 996 publico
653 902 728 974 ullo
747 899 902 974 concilio
927 899 995 987 est3
1027 896 1076 972 ita
1100 898 1187 974 inse·

205 1019 348 1114 quentis
373 1020 456 1093 anni
482 1019 698 1108 consulibus,
731 1024 778 1094 L.
807 1019 916 1094 Furio
943 1019 1097 1094 Camillo
1124 1019 1187 1094 ite⁴

205 1164 300 1226 rum,
327 1139 439 1232 Junio
456 1143 564 1213 Bnrto
584 1143 745 1228 Scaevae,
777 1142 873 1213 nulla
889 1138 986 1236 prior
1000 1139 1188 1238 potiorque

205 1258 277 1332 visa
311 1259 373 1346 est,
417 1261 462 1332 de
500 1287 571 1357 qua
606 1263 651 1333 ad
686 1261 844 1342 senatum
883 1257 1059 1332 referrent.
1126 1262 1188 1346 Et,

210 1404 431 1477 quamquain
456 1407 547 1454 nova
575 1406 627 1454 res
651 1402 735 1467 erat,
766 1400 885 1452 tamen
901 1398 997 1451 tanta
1015 1403 1100 1453 cura
1122 1381 1188 1452 Pa·

210 1522 277 1571 tres
295 1497 439 1587 incessit,
466 1521 507 1573 ut
525 1499 651 1597 pariter
670 1527 747 1573 eam
765 1498 957 1594 susceptam
974 1499 1187 1596 neglettam·

208 1643 279 1714 que
309 1616 495 1692 timerent:
515 1646 575 1693 ne
602 1643 664 1696 aut
689 1618 869 1719 inpunitas
895 1643 1020 1691 eorum
1045 1615 1187 1690 lascivia

203 1735 447 1836 superbiaque,
484 1761 544 1812 aut
570 1742 664 1814 bello
697 1765 830 1837 poenae
869 1737 1041 1835 expetitae
1080 1758 1180 1812 metu
1266 1820 1271 1831 ⁸

204 1857 408 1956 propinquo
438 1879 544 1956 atque
562 1859 612 1933 ira
637 1859 818 1934 concirent
837 1857 1008 1932 finitimos
1024 1859 1187 1957 populos.

207 1979 255 2050 Et
286 1998 358 2052 erat
390 2004 502 2076 genus
530 2005 637 2053 omne
670 1981 813 2054 abunde
844 1980 938 2053 bello
969 1977 1188 2053 Samnitibus

205 2121 278 2194 par,
303 2097 421 2171 Marci
454 2098 665 2198 Pelignique
694 2103 726 2173 δι
755 2099 978 2174 Marrucinis
1027 2102 1187 2197 quos,si
1287 2128 1289 2131 ·

205 2215 370 2292 Vestinus
401 2217 653 2316 adtingeretur‚
699 2245 824 2293 omnes
849 2221 1031 2294 habendos
1060 2217 1186 2294 hostes.

206 2335 304 2409 Vicit
322 2358 440 2410 tamen
456 2364 548 2435 pars,
579 2365 670 2435 quae
691 2338 728 2412 in
746 2337 936 2436 praesentia
948 2336 1061 2412 videri
1080 2359 1186 2436 potu·

206 2453 236 2529 it
252 2457 391 2552 majoris
411 2457 535 2544 animi,
565 2483 675 2556 quam
694 2457 849 2532 consilii:
874 2458 933 2533 sed
950 2479 1097 2534 eventus
1121 2461 1186 2533 do-

205 2574 294 2663 cuit,
326 2575 432 2650 sortes
458 2575 637 2651 fortunam
658 2578 791 2674 juvare.
842 2579 981 2678 Bellum
1002 2605 1048 2653 ex
1064 2581 1185 2653 auclo-

205 2695 305 2770 ritate
338 2699 485 2772 Patrum
513 2699 669 2795 populus
701 2695 862 2770 adversus
890 2697 1051 2771 Vestinos
1078 2701 1185 2795 juffit.
1222 2769 1227 2780 ,

204 2815 394 2891 Provincia
415 2843 455 2891 ea
479 2821 602 2905 Bruto,
623 2816 808 2891 Samnium
831 2815 985 2891 Camillo
1001 2815 1089 2891 sorte
1105 2844 1185 2891 eve·

206 2934 270 3010 nit.
322 2937 510 3012 Exercitus
534 2957 688 3034 utroque
715 2935 829 3024 ducti,
860 2940 894 3010 dr
926 2961 1011 3012 cura
1034 2939 1185 3011 tuendo·

205 3079 286 3128 rum
321 3055 450 3129 finium
490 3055 605 3130 hostes
638 3054 811 3153 prohibiti
833 3057 1047 3158 conjungere
1080 3083 1185 3132 arma.

204 3177 372 3248 Ceterum
390 3177 538 3249 alterum
561 3173 741 3250 consulem
764 3179 811 3249 L.
837 3177 1000 3265 Furium,
1029 3178 1088 3253 cui
1111 3205 1185 3253 rna-

198 3296 256 3391 jor
282 3297 392 3368 moles
412 3321 529 3369 rerum
547 3294 693 3393 inposita
710 3315 795 3382 erat,
825 3299 951 3370 morbo
966 3297 1064 3395 gravi
1080 3297 1186 3396 inpli-

204 3417 319 3490 citum
346 3413 486 3489 fottuna
513 3416 607 3489 bello
624 3413 811 3520 subtraxit:
837 3415 1019 3515 jussusque
1037 3417 1184 3492 dislato·

203 3561 279 3608 rem
294 3534 411 3609 dicere
429 3534 478 3608 rei
496 3536 668 3633 gerendae
683 3536 809 3622 caussa,
842 3537 948 3634 longe
961 3535 1185 3612 clarissimum

204 3655 298 3729 bello
315 3679 355 3728 ea
372 3653 574 3751 tempestate
601 3652 694 3727 dixit
716 3657 762 3728 L.
780 3654 961 3753 Papirium
979 3655 1183 3745 Cursorem3

204 3799 325 3874 aquo
354 3778 411 3875 Q.
434 3772 565 3846 Fabius
593 3772 780 3848 Maximus
808 3774 998 3850 Rullianus
1024 3777 1186 3876 magister

206 3893 370 3994 equitum
388 3891 438 3966 est
455 3892 591 3966 dietus:
622 3917 682 3991 par
697 3892 817 3968 nobile
832 3897 936 3968 rebus
952 3895 990 3968 in
1007 3895 1185 3995 eomagis·

206 4034 296 4088 tratu
314 4013 431 4112 gestis,
462 4010 637 4086 discordia
653 4035 786 4101 tamen,
813 4039 885 4112 qua
908 4039 1017 4113 prope
1033 4016 1080 4089 ad
1102 4016 1185 4090 ulti-

206 4159 308 4209 mum
326 4131 564 4210 dimicationis
579 4139 728 4208 ventum
751 4134 816 4221 est,
841 4135 1007 4211 nobilius.
1057 4138 1120 4211 Ab
1138 4137 1186 4209 al-
