3067 5342
360 897 581 971 T.L1v11
610 893 899 974 PATAVINI

220 1093 1056 1219 HISTORIARUM

276 1373 362 1454 AB
400 1373 592 1452 URBE
629 1373 971 1452 CONDITA

452 1582 795 1680 LIBRI.

454 1816 791 1860 ‘ma-..-

318 2029 530 2086 EPITOME
563 2027 696 2082 LIBRI
728 2028 922 2084 ocrnvl.

140 2138 327 2301 me
344 2242 424 2293 cum
453 2209 649 2318 Campanis
676 2207 896 2317 defecerunt,
930 2211 988 2304 δεῖ,
1008 2209 1061 2290 usi
1092 2238 1111 2288 s

137 2359 267 2466 legatis
297 2359 545 2470 absenatum,
575 2359 804 2442 conditionem
839 2361 1018 2456 tulerunt,
1056 2378 1113 2456 ut,

121 2494 169 2597 st
194 2508 322 2599 pacem
350 2493 480 2573 habere
510 2495 656 2589 vellent,
696 2494 851 2574 alterum
886 2522 929 2572 ex
966 2491 1117 2573 Latinis

137 2626 306 2732 cansedem
333 2629 524 2733 facerent.
609 2629 695 2734 Qua
734 2624 908 2732 legatione
950 2625 1114 2731 perlata,

132 2770 288 2862 praetor
305 2787 423 2839 earum
448 2757 598 2838 Annius
620 2755 662 2838 ds
692 2755 868 2864 Capitalia
892 2754 947 2834 ita
958 2756 1114 2863 prolap-
1196 2853 1197 2858 Ἰ

122 2891 195 2991 stas
222 2888 282 2994 est,
316 2907 358 2970 nt
389 2890 671 2970 exanimaretur.
729 2883 776 2967 T.
806 2887 976 2966 Manlius
999 2891 1122 2999 confisi

122 3021 263 3124 filium,
295 3019 391 3130 quad
414 3039 543 3102 contra
568 3020 720 3101 ebulum
743 3017 916 3128 adverstes
944 3019 1114 3117 Latinas,

136 3151 307 3262 quumvis
332 3157 516 3262 prospere,
541 3151 748 3262 pugnafflt,
769 3148 902 3258 securi
928 3155 1113 3261 percufflt.

135 3285 411 3366 Laborantibus
446 3283 486 3366 in
521 3285 597 3365 acie
633 3281 818 3380 Romanis,
870 3285 922 3364 P.
960 3283 1114 3380 Decius,

135 3433 225 3497 tunc
252 3419 373 3525 confisi
393 3447 473 3498 cum
497 3416 655 3511 Manlio,
688 3415 834 3496 devovit
850 3419 899 3522 se
916 3432 987 3524 pro
1010 3448 1116 3500 exer-

136 3549 241 3630 citu:
271 3553 330 3644 ὅθ,
363 3549 537 3631 concitato
563 3578 650 3661 equa
677 3578 786 3658 quum
804 3549 843 3627 iu
861 3547 987 3630 medios
1010 3551 1117 3658 hastas

119 3685 169 3788 se
186 3681 372 3790 intuliffet,
401 3681 615 3791 interfebius
631 3683 825 3789 mortesua
844 3683 1015 3762 Romanis
1033 3684 1117 3763 vic-

136 3814 269 3894 toriam
304 3814 473 3921 restituti.
532 3812 671 3894 Latini
696 3814 734 3892 in
767 3807 973 3892 deditionem
1004 3841 1116 3895 vene-

134 3962 240 4027 runt.
300 3941 346 4026 T.
378 3945 522 4026 Manlio
553 3945 592 4023 in
621 3944 742 4024 urbem
773 3945 914 4051 reversa
947 3971 1044 4024 nemo
1074 3976 1118 4028 ess

125 4075 328 4184 juventute
368 4076 511 4158 obvians
546 4075 724 4185 procefflt.
801 4075 972 4158 Minucia
1011 4076 1119 4185 virgo
