3067 5342
477 679 708 764 Lrnnrr
749 680 826 770 ἢΙΧ.
1089 681 1160 780 389

174 851 338 934 horrente
369 854 415 929 ab
441 850 593 952 ingeniis
616 851 820 942 hominum,
855 877 915 926 eos
943 851 1158 950 adgrediun-

173 991 242 1048 tur.
295 970 366 1047 Die
382 971 471 1051 sesto
486 972 546 1046 alii
561 972 656 1047 alios
674 999 737 1071 per
753 971 905 1073 speciem
934 973 1157 1048 celebranda·

172 1117 254 1168 rum
288 1114 396 1174 cantu
430 1094 616 1191 epularum
648 1095 763 1169 cauffa
792 1091 956 1180 invitant,
991 1097 1025 1168 δι
1058 1093 1157 1184 vino,

172 1212 275 1309 eujus
297 1211 445 1295 avidum
459 1212 570 1288 ferme
595 1239 706 1312 genus
722 1213 786 1302 est,
814 1233 976 1287 oneratos
994 1211 1155 1312 sopiunt:

98 1327 101 1331 ’
171 1356 281 1432 atque
302 1333 351 1408 ita
369 1333 408 1408 in
422 1333 574 1432 plaustra
588 1333 711 1409 somno
727 1333 866 1408 vinctos
883 1332 1092 1431 conjiciunt,
1117 1359 1158 1410 ac

173 1455 332 1529 Romam
366 1455 562 1553 deportant.
587 1506 591 1519 ·
612 1457 693 1530 Nec
726 1454 824 1555 prius
857 1453 1000 1544 sensere,
1035 1479 1158 1554 quam,

172 1573 332 1673 plaustris
359 1573 398 1648 in
420 1573 497 1650 foro
520 1574 664 1666 relictis,
692 1577 816 1674 plenos
839 1576 1000 1673 crapulae
1017 1601 1077 1650 eos
1093 1575 1159 1650 lux

172 1697 347 1794 obpressit.
397 1698 507 1771 Tunc
534 1694 726 1771 concursus
751 1695 879 1796 populi
907 1694 1032 1785 fastus,
1059 1695 1157 1796 inpe-

171 1835 348 1915 tratoque,
380 1837 422 1892 ut
438 1839 632 1905 manerent,
662 1817 802 1905 datum,
825 1838 868 1890 ut
888 1816 1050 1892 triduum
1067 1839 1158 1914 quo-

172 1934 288 2010 tannis
309 1934 437 2024 ornati,
468 1963 553 2013 cunr
575 1957 683 2012 cantu
705 1957 812 2036 atque
838 1938 919 2026 hac,
951 1963 1042 2036 quae
1059 1961 1157 2012 nunc

172 2054 349 2131 sollemnis
366 2057 429 2144 est,
454 2054 597 2131 licentia
611 2082 673 2156 per
685 2060 814 2132 urbem
829 2078 1054 2156 vagarenturr
1090 2054 1155 2132 res-

168 2175 392 2276 titutumque
422 2176 459 2251 in
485 2179 570 2252 aede
594 2175 756 2251 vescendi
779 2178 840 2274 jus
869 2175 926 2265 iis,
957 2177 1024 2277 qui
1055 2173 1157 2252 sacris

171 2296 422 2395 praecinerent.
472 2299 577 2372 Haec
591 2296 682 2371 inter
695 2295 852 2372 duorum
866 2297 1069 2398 ingentium
1082 2295 1157 2372 bel-

170 2418 288 2493 lorum
304 2445 427 2495 curam
443 2420 666 2518 gerebantur.

221 2541 363 2614 XXXI.
397 2537 568 2614 Consules
600 2536 692 2612 inter
721 2536 755 2612 se
785 2536 984 2638 provincias
1014 2537 1132 2637 partiti
1144 2571 1156 2628 5

171 2659 284 2754 Junio
300 2657 486 2748 Samnites,
514 2657 674 2734 Aemilio
697 2684 833 2734 novum
852 2660 987 2734 bellum
1015 2658 1158 2734 Etruria

171 2779 260 2855 sorte
286 2779 445 2856 obvenit.
495 2781 538 2853 ln
564 2778 709 2856 Samnio
731 2778 912 2868 Cluviam,
944 2777 1157 2879 praesidium

169 2903 393 2988 Romanum,
437 2899 524 2998 quia
548 2899 757 3000 nequiverat
785 2899 822 2975 vi
856 2900 949 2998 capi,
980 2897 1156 2976 obsessum

172 3019 268 3097 fame
289 3019 328 3094 in
348 3019 570 3095 deditionem
593 3041 800 3118 acceperant
823 3021 1008 3109 Samnites,
1034 3021 1155 3095 verbe-

172 3137 341 3238 ribusque
363 3139 512 3216 foedum
535 3139 573 3216 in
599 3142 751 3216 modum
772 3142 937 3216 laceratos
954 3139 1157 3218 occiderant

171 3241 323 3337 deditos.
373 3260 477 3339 Huic
504 3259 659 3336 infensus
677 3261 876 3336 crudelitati
893 3260 1038 3356 Junius,
1064 3258 1154 3333 nihil

169 3381 353 3479 antiquius
371 3381 642 3481 obpugnatione
670 3379 846 3456 Cluviana
862 3400 969 3468 ratus,
1004 3378 1155 3478 quodie

170 3503 349 3602 adgressus
375 3501 426 3578 est
447 3500 601 3588 moenia,
629 3501 666 3576 vi
680 3501 789 3598 cepit,
816 3521 923 3599 atque
940 3526 1063 3575 omnes
1086 3526 1154 3598 pu·

172 3625 270 3698 beres
286 3620 474 3708 interfecit.
524 3622 613 3696 lnde
633 3621 747 3697 vidlor
763 3619 937 3695 exercitus
955 3619 1154 3694 Bovianum

170 3743 311 3818 duetus.
361 3744 479 3842 Caput
503 3744 667 3817 hocerat
691 3744 904 3816 Pentrorum
925 3739 1153 3828 Samnitium,

170 3867 277 3963 longe
299 3862 508 3940 ditiffimum
532 3883 640 3961 atque
661 3859 964 3959 opulentiffimum
982 3861 1086 3936 armis
1102 3860 1155 3936 vi-

173 3983 300 4083 risque.
321 3995 325 4003 ’
351 3983 408 4061 Ibi
438 3983 527 4082 quia
545 3985 644 4060 haud
666 4004 806 4058 tantum
834 3981 964 4056 irarum
987 4002 1072 4072 erat,
1099 3981 1157 4084 spe

171 4106 320 4204 praedae
346 4105 477 4183 milites
499 4107 645 4194 accenfi,
676 4103 810 4204 oppido
833 4102 1030 4204 potiuntur.
1081 4104 1165 4180 Mi»
