3067 5342
423 713 493 810 338
764 708 1080 782 T.Lrvrr

422 883 527 960 senex
544 880 697 980 plaustro
715 881 753 956 in
771 881 879 957 castra
895 881 1026 958 dicitur
1042 882 1222 967 advectus,
1243 876 1384 954 vocatus·

422 1029 494 1102 que
510 1001 548 1076 in
564 999 748 1076 consilium
776 999 825 1076 ita
850 1001 960 1078 ferme
976 1003 1117 1078 locutus
1132 1001 1214 1087 esse,
1241 1021 1283 1074 ut
1307 998 1385 1073 nihil

423 1121 611 1201 sententiae
642 1120 720 1196 suae
743 1143 914 1208 mutaret3
946 1123 1077 1197 caussas
1107 1141 1247 1196 tannim
1271 1119 1385 1217 adjice-

421 1265 488 1318 retr
524 1240 684 1316 “Priore
702 1239 734 1316 se
752 1240 910 1329 consuio,
928 1244 1030 1340 quod
1045 1243 1225 1342 optimum
1241 1227 1385 1326 ducere‘t,

425 1374 450 1408 “
471 1389 555 1438 cum
570 1359 808 1460 potentissimo
823 1365 959 1460 populo
975 1362 1178 1464 peringens
1191 1359 1389 1440 beneficium

423 1494 448 1530 ‘⁶
467 1505 672 1582 perpetuam
699 1483 838 1556 firmare
871 1509 999 1580 pacem
1025 1481 1306 1582 amicitiamque:
1350 1481 1391 1555 el-

421 1613 448 1648 “
466 1625 542 1678 tero
565 1601 707 1676 confilio
731 1601 770 1676 in
795 1604 924 1676 multas
949 1623 1090 1691 aetates,
1107 1602 1255 1701 quibus,
1279 1600 1389 1676 amissis
1497 1700 1498 1703 Ἴ

423 1733 449 1770 “
467 1723 611 1797 duobus
627 1719 854 1810 exercitibus,
876 1723 973 1797 haud
990 1721 1093 1798 facile
1110 1743 1291 1822 receptura
1312 1719 1390 1794 vires

425 1853 451 1886 “
470 1845 636 1918 Romana
652 1867 705 1916 res
721 1843 818 1930 esset,
836 1843 972 1918 bellum
988 1841 1144 1918 differres
1170 1843 1310 1919 tertium
1324 1841 1391 1916 nul-

425 1973 451 2009 “
469 1965 546 2037 lum
565 1961 749 2042 consilium
766 1963 868 2038 effe.'’
917 1967 1044 2064 Qrum
1060 1963 1157 2040 filius
1170 1964 1299 2064 aliique
1311 1960 1392 2060 prin·

425 2082 521 2185 cipes
557 2082 821 2181 percunctando
861 2075 1143 2181 erisequerentur.
1197 2095 1223 2128 ‘⁴
1241 2081 1337 2184 Qiid
1371 2079 1392 2152 s

425 2214 450 2248 ‘⁶
469 2203 589 2278 media
619 2201 678 2277 via
709 2201 843 2280 confilii
876 2225 1076 2302 caperetur3
1115 2227 1160 2280 ut
1192 2209 1228 2280 &
1254 2199 1393 2278 dimitte·

426 2333 590 2398 “rentur
615 2319 827 2410 incolumes,
852 2326 1001 2424 &leges
1027 2322 1071 2398 iis
1089 2323 1173 2421 jure
1204 2322 1285 2400 belli
1307 2319 1393 2396 vinis

425 2453 450 2486 ‘⁸
470 2439 749 2541 inponerentur?
790 2442 854 2519 ista
878 2443 1029 2542 quidem
1056 2444 1264 2533 sententia,”
1291 2437 1395 2539 inquit

426 2573 452 2607 ‘⁸
470 2587 511 2638 ea
536 2561 599 2651 est,
623 2589 715 2663 quae
744 2589 864 2663 neque
892 2563 1026 2640 amicos
1054 2588 1167 2664 parat,
1202 2590 1315 2665 neque
1338 2559 1394 2636 ini-

425 2695 451 2730 “
470 2684 583 2760 mices
615 2683 718 2760 tollit.
768 2687 907 2758 Servate
937 2686 1063 2774 modo,
1093 2713 1189 2785 quos
1218 2681 1395 2786 ignominia

353 2903 357 2910 1
424 2814 450 2849 “
469 2802 690 2881 irritaveritis.
741 2807 797 2878 Ea
811 2803 861 2878 est
877 2806 1044 2882 Romana
1058 2833 1158 2906 gens,
1195 2832 1286 2906 quae
1315 2801 1394 2876 visit

428 2923 646 3024 “quiescere
664 2923 805 3002 nesciat.
856 2923 963 2998 Vivet
986 2923 1121 3024 semper
1146 2924 1187 3002 in
1214 2922 1396 3026 pesleribus

426 3055 452 3090 “
470 3042 627 3132 illorum,
650 3043 834 3146 quidquid
861 3044 950 3122 istuc
979 3044 1137 3145 praesens
1166 3048 1337 3124 necessitas
1351 3040 1395 3116 in·

426 3177 452 3212 “
470 3163 608 3252 usserit3
633 3189 750 3263 neque
767 3192 828 3242 eos
857 3186 938 3240 ante
964 3164 1182 3264 multiplices
1201 3190 1327 3266 poenas
1345 3185 1396 3236 ex·

426 3296 452 3331 “
469 3285 596 3383 petitas
612 3311 633 3358 a
648 3279 750 3359 iobis
767 3283 945 3385 quiescere
960 3287 1080 3363 [Μεθ’

475 3407 538 3482 IV.
565 3408 702 3479 Neutra
718 3403 887 3480 sententia
902 3428 1059 3503 accepta.
1108 3406 1314 3482 Herennius
1342 3403 1396 3476 de

427 3549 530 3598 mum
547 3549 566 3598 e
584 3523 700 3602 castris
717 3524 767 3598 est
783 3526 937 3601 aversus.
989 3528 1037 3599 Et
1053 3523 1090 3599 in
1108 3527 1227 3602 castris
1240 3519 1397 3601 Romanis

425 3671 542 3745 quum
565 3643 673 3720 frusta
695 3644 800 3720 multi
815 3667 962 3720 conatus
978 3647 1025 3720 ad
1040 3648 1302 3744 erumpendum
1314 3637 1395 3740 capti

427 3768 548 3855 essent,
576 3771 611 3842 &
627 3765 703 3863 jam
731 3766 897 3840 omnium
913 3791 1032 3842 rerum
1054 3765 1177 3864 inopia
1201 3769 1300 3854 effet3
1323 3757 1396 3838 viui

427 3889 623 3962 necessitate
654 3888 787 3988 legatos
817 3884 979 3974 mittunt,
1012 3888 1078 3986 qui
1104 3887 1264 3987 primurn
1290 3903 1398 3984 pacem

429 4033 579 4106 aequam
595 4027 768 4105 peterent:
808 4010 832 4080 fi
857 4033 982 4105 pacem
1008 4033 1081 4082 non
1107 4007 1329 4107 inpetrarent,
1354 3997 1400 4074 uti

429 4148 664 4227 provocarent
687 4128 734 4206 ad
762 4153 935 4228 pugnam.
985 4130 1086 4204 Tum
1114 4128 1277 4216 Pontius,
1301 4136 1325 4170 “
1346 4123 1398 4196 de·
