3067 5342
493 670 839 744 LtnrnVI.
1090 694 1154 769 107
1237 676 1242 687 '

169 844 278 922 candi
295 870 432 935 curam,
457 850 492 921 St
515 848 644 921 eodem
669 844 874 921 exhaustam
905 843 1066 943 inpensis,
1097 870 1156 919 eo-

169 993 244 1067 que
261 965 336 1067 agri
357 966 606 1055 inmemorem,
633 968 679 1041 ad
698 994 809 1065 quem
833 965 1079 1040 instruendum
1103 968 1155 1041 vi·
1259 971 1261 979 ’

170 1112 225 1161 res
259 1112 333 1161 non
366 1088 485 1161 effent.
544 1090 588 1161 ln
621 1086 763 1163 civitate
796 1090 900 1186 plena
926 1085 1155 1185 religionum,

168 1228 251 1281 tum
268 1206 376 1281 etiam
399 1210 445 1283 ab
460 1207 592 1283 recenti
610 1210 709 1283 clade
733 1206 970 1308 superstitiosis
987 1206 1156 1309 principi-

169 1330 253 1417 bus,
280 1348 323 1403 ut
349 1351 600 1403 renovarentur
622 1328 787 1427 auspicia,
830 1355 883 1403 res
909 1328 954 1401 ad
988 1327 1155 1430 interreg-

167 1476 261 1523 num
274 1446 392 1523 rediit.
442 1451 635 1548 Interreges
651 1450 820 1548 deinceps
837 1452 895 1523 Μ.
914 1448 1075 1525 Manlius
1089 1454 1155 1527 Ca-

167 1567 355 1669 pitolinus,
379 1572 451 1644 Ser.
474 1568 653 1667 Sulpicius
676 1568 898 1658 Camerinus,
931 1571 977 1644 L.
996 1571 1155 1647 Valerius

167 1688 322 1765 Potitus.
372 1688 450 1764 Hic
466 1691 616 1763 demum
640 1687 867 1766 tribunorum
889 1688 1045 1764 militum
1069 1717 1154 1767 con-

167 1808 271 1885 sulari
287 1810 455 1909 potestate
475 1808 621 1885 comitia
637 1810 772 1885 habuit.
823 1813 870 1885 L.
887 1810 1084 1909 Papirium,
1109 1814 1153 1888 C.

167 1930 392 2019 Cornelium,
422 1933 465 2006 C.
495 1929 672 2029 Sergium,
702 1931 749 2004 1.
781 1930 981 2005 Aemilium
1011 1931 1153 2023 iterum,

168 2054 216 2127 L.
235 2051 466 2139 Menenium,
494 2054 540 2125 L.
559 2050 740 2125 Valerium
761 2050 984 2125 Publicolam
1007 2052 1152 2127 tertium

167 2193 272 2248 creat.
322 2172 378 2247 Hi
406 2198 451 2246 ex
480 2170 680 2271 intenegno
706 2171 947 2271 magistratum
974 2198 1152 2272 occepere.

169 2296 227 2368 Eo
242 2319 338 2367 anno
354 2295 457 2367 aedes
475 2291 617 2381 Martis,
643 2292 783 2367 Gallico
810 2294 904 2368 bello
928 2314 1024 2382 vota,
1050 2293 1151 2368 dedi·

167 2434 246 2489 cata
273 2413 324 2489 est
338 2441 360 2489 a
375 2417 423 2490 T.
437 2411 612 2515 Qinetio
629 2412 823 2487 duumviro
846 2413 947 2488 sacris
961 2413 1150 2490 faciundis.

167 2532 303 2609 Tribus
329 2556 482 2633 quatuor
505 2560 551 2607 ex
568 2531 670 2607 novis
693 2532 833 2607 civibus
850 2534 1005 2623 additae,
1032 2538 1151 2611 Stella-

168 2653 255 2742 tina,
282 2653 529 2743 Tromentina,
569 2650 745 2743 Sabatina,
785 2652 979 2728 Arniensis:
1019 2682 1152 2756 eaeque

168 2773 298 2875 viginti
316 2775 477 2874 quinque
494 2752 656 2850 tribilum
673 2800 863 2851 numerum
877 2777 1071 2873 explevere.

219 2898 283 2969 Vl.
317 2898 375 2970 De
392 2922 477 2995 agro
499 2894 694 2994 Pomptino
716 2898 762 2971 ab
779 2898 826 2971 L.
849 2894 983 2969 Sicinio
1006 2895 1152 2971 tribuno

168 3014 283 3115 plebis
315 3018 435 3090 actum
468 3017 515 3090 ad
549 3015 826 3114 frequentiorem
855 3015 930 3113 jam
961 3020 1150 3116 populum,

165 3135 465 3235 mobilioremque
477 3138 524 3211 ad
539 3136 774 3235 cupiditatem
791 3134 878 3236 agri,
904 3162 1014 3235 quam
1028 3135 1151 3213 fuerat

167 3260 216 3331 Et
242 3258 290 3330 de
311 3257 445 3331 Latino
461 3257 698 3357 Hernicoque
726 3258 821 3333 bello
844 3257 981 3332 mentio
1005 3257 1096 3333 facta
1115 3257 1151 3332 in

164 3376 299 3467 senatu,
330 3368 469 3474 majoris
486 3378 571 3453 belli
591 3402 686 3465 cura,
720 3378 821 3476 quod
838 3378 978 3453 Etruria
995 3377 1152 3453 inarmis

162 3519 251 3585 erat,
282 3497 391 3573 dilata
406 3499 467 3574 est.
517 3501 592 3573 Res
608 3500 655 3571 ad
673 3498 868 3573 Camillum
882 3498 1068 3574 tribunum
1084 3498 1151 3573 mi·

164 3618 273 3693 litum
300 3617 472 3694 consulari
497 3618 665 3717 potestate
688 3617 804 3694 rediit.
855 3620 1021 3719 Collegae
1037 3618 1152 3694 additi

163 3740 344 3840 quinque,
378 3743 451 3815 Ser.
475 3738 662 3815 Cornelius
679 3738 950 3838 Maluginensis,
977 3739 1152 3840 QServi-

164 3862 235 3936 lius
258 3860 411 3959 Fidenas
433 3859 586 3949 sextum,
616 3862 663 3933 L.
687 3859 880 3962 Qindius
903 3858 1150 3947 Cincinnatus,

164 3984 212 4057 L
243 3980 419 4057 Horatius
448 3980 636 4070 Pulvillus,
668 3985 711 4055 P.
743 3978 914 4055 Valerius.
971 3978 1151 4077 Principio

165 4100 250 4177 anni
264 4100 401 4177 aversae
414 4126 516 4177 curae
534 4100 724 4176 bominum
739 4099 820 4176 sunt
835 4126 856 4175 a
871 4102 966 4177 bello
988 4097 1149 4189 Etrusco,
