<?xml version="1.0" encoding="UTF-8"?>
<!DOCTYPE html PUBLIC "-//W3C//DTD XHTML 1.0 Transitional//EN"
    "http://www.w3.org/TR/xhtml1/DTD/xhtml1-transitional.dtd">
<html xmlns="http://www.w3.org/1999/xhtml" xml:lang="en" lang="en">
 <head>
  <title>
</title>
<meta http-equiv="Content-Type" content="text/html;charset=utf-8" />
  <meta name='ocr-system' content='tesseract 3.04.00' />
  <meta name='ocr-capabilities' content='ocr_page ocr_carea ocr_par ocr_line ocrx_word'/>
</head>
<body>
  <div class='ocr_page' id='page_1' title='image "./tliviipatavinih00homegoog_0065.png"; bbox 0 0 3067 5342; ppageno 0'>
   <div class='ocr_carea' id='block_1_1' title="bbox 470 731 1138 828">
    <p class='ocr_par' dir='ltr' id='par_1_1' title="bbox 470 731 1138 828">
     <span class='ocr_line' id='line_1_1' title="bbox 470 731 1138 828; baseline -0.006 -24"><span class='ocrx_word' id='word_1_1' title='bbox 470 731 799 804; x_wconf 75' lang='lat' dir='ltr'>LrnanV.</span> <span class='ocrx_word' id='word_1_2' title='bbox 1092 741 1138 828; x_wconf 77' lang='lat'>57</span> 
     </span>
    </p>
   </div>
   <div class='ocr_carea' id='block_1_2' title="bbox 148 901 1204 1732">
    <p class='ocr_par' dir='ltr' id='par_1_2' title="bbox 148 901 1204 1732">
     <span class='ocr_line' id='line_1_2' title="bbox 151 901 1204 1001; baseline -0.007 -19"><span class='ocrx_word' id='word_1_3' title='bbox 151 919 176 951; x_wconf 79' lang='lat'>‘⁸</span> <span class='ocrx_word' id='word_1_4' title='bbox 196 928 265 982; x_wconf 87' lang='lat' dir='ltr'>tres</span> <span class='ocrx_word' id='word_1_5' title='bbox 277 931 402 981; x_wconf 88' lang='lat' dir='ltr'>eorum</span> <span class='ocrx_word' id='word_1_6' title='bbox 414 905 646 993; x_wconf 84' lang='lat' dir='ltr'>dimicassent,</span> <span class='ocrx_word' id='word_1_7' title='bbox 658 903 890 991; x_wconf 89' lang='lat' dir='ltr'>desererent‚&#39;&#39;</span> <span class='ocrx_word' id='word_1_8' title='bbox 902 901 1136 1001; x_wconf 85' lang='lat' dir='ltr'>Capitolium,</span> <span class='ocrx_word' id='word_1_9' title='bbox 1201 954 1204 960; x_wconf 74' lang='lat'>,</span> 
     </span>
     <span class='ocr_line' id='line_1_3' title="bbox 148 1023 1136 1122; baseline -0.01 -20"><span class='ocrx_word' id='word_1_10' title='bbox 148 1029 276 1102; x_wconf 88' lang='lat' dir='ltr'>aedem</span> <span class='ocrx_word' id='word_1_11' title='bbox 284 1027 421 1114; x_wconf 90' lang='lat' dir='ltr'>Vestae,</span> <span class='ocrx_word' id='word_1_12' title='bbox 434 1047 548 1100; x_wconf 89' lang='lat' dir='ltr'>cetera</span> <span class='ocrx_word' id='word_1_13' title='bbox 558 1023 1136 1122; x_wconf 78' lang='lat' dir='ltr'>circatemplaDeorumostentan.</span> 
     </span>
     <span class='ocr_line' id='line_1_4' title="bbox 151 1145 1138 1244; baseline -0.002 -21"><span class='ocrx_word' id='word_1_14' title='bbox 151 1171 215 1223; x_wconf 88' lang='lat' dir='ltr'>tes.</span> <span class='ocrx_word' id='word_1_15' title='bbox 260 1158 285 1191; x_wconf 92' lang='lat'><strong>“</strong></span> <span class='ocrx_word' id='word_1_16' title='bbox 302 1150 361 1221; x_wconf 88' lang='lat' dir='ltr'>Ne</span> <span class='ocrx_word' id='word_1_17' title='bbox 371 1145 540 1235; x_wconf 84' lang='lat' dir='ltr'>exsulem,</span> <span class='ocrx_word' id='word_1_18' title='bbox 551 1167 727 1221; x_wconf 84' lang='lat' dir='ltr'>extorrem</span> <span class='ocrx_word' id='word_1_19' title='bbox 739 1146 915 1244; x_wconf 87' lang='lat' dir='ltr'>populum</span> <span class='ocrx_word' id='word_1_20' title='bbox 928 1145 1138 1221; x_wconf 87' lang='lat' dir='ltr'>Romanum</span> 
     </span>
     <span class='ocr_line' id='line_1_5' title="bbox 150 1263 1137 1367; baseline -0.002 -25"><span class='ocrx_word' id='word_1_21' title='bbox 150 1279 176 1312; x_wconf 91' lang='lat'><strong>“</strong></span> <span class='ocrx_word' id='word_1_22' title='bbox 197 1270 243 1342; x_wconf 90' lang='lat' dir='ltr'>ab</span> <span class='ocrx_word' id='word_1_23' title='bbox 258 1266 331 1341; x_wconf 92' lang='lat' dir='ltr'>solo</span> <span class='ocrx_word' id='word_1_24' title='bbox 349 1266 462 1367; x_wconf 88' lang='lat' dir='ltr'>patrio</span> <span class='ocrx_word' id='word_1_25' title='bbox 481 1294 522 1342; x_wconf 89' lang='lat' dir='ltr'>ac</span> <span class='ocrx_word' id='word_1_26' title='bbox 543 1266 623 1342; x_wconf 91' lang='lat' dir='ltr'>Diis</span> <span class='ocrx_word' id='word_1_27' title='bbox 641 1265 828 1366; x_wconf 88' lang='lat' dir='ltr'>penatibus</span> <span class='ocrx_word' id='word_1_28' title='bbox 845 1263 884 1338; x_wconf 92' lang='lat' dir='ltr'>in</span> <span class='ocrx_word' id='word_1_29' title='bbox 900 1265 1056 1339; x_wconf 88' lang='lat' dir='ltr'>hostium</span> <span class='ocrx_word' id='word_1_30' title='bbox 1078 1292 1137 1340; x_wconf 90' lang='lat' dir='ltr'>ur·</span> 
     </span>
     <span class='ocr_line' id='line_1_6' title="bbox 150 1387 1138 1488; baseline -0.002 -24"><span class='ocrx_word' id='word_1_31' title='bbox 150 1401 177 1434; x_wconf 92' lang='lat'><strong>“</strong></span> <span class='ocrx_word' id='word_1_32' title='bbox 197 1393 281 1464; x_wconf 91' lang='lat' dir='ltr'>bern</span> <span class='ocrx_word' id='word_1_33' title='bbox 295 1409 455 1488; x_wconf 86' lang='lat' dir='ltr'>agerent;</span> <span class='ocrx_word' id='word_1_34' title='bbox 483 1413 598 1486; x_wconf 88' lang='lat' dir='ltr'>eoque</span> <span class='ocrx_word' id='word_1_35' title='bbox 615 1413 689 1460; x_wconf 91' lang='lat' dir='ltr'>rern</span> <span class='ocrx_word' id='word_1_36' title='bbox 703 1387 934 1474; x_wconf 81' lang='lat' dir='ltr'>adducerent,</span> <span class='ocrx_word' id='word_1_37' title='bbox 952 1409 995 1460; x_wconf 91' lang='lat' dir='ltr'>ut</span> <span class='ocrx_word' id='word_1_38' title='bbox 1011 1387 1138 1462; x_wconf 85' lang='lat' dir='ltr'>melius</span> 
     </span>
     <span class='ocr_line' id='line_1_7' title="bbox 150 1505 1139 1606; baseline -0.001 -23"><span class='ocrx_word' id='word_1_39' title='bbox 150 1521 177 1554; x_wconf 89' lang='lat'>“</span> <span class='ocrx_word' id='word_1_40' title='bbox 197 1508 317 1596; x_wconf 88' lang='lat' dir='ltr'>suerit,</span> <span class='ocrx_word' id='word_1_41' title='bbox 344 1533 417 1582; x_wconf 93' lang='lat' dir='ltr'>non</span> <span class='ocrx_word' id='word_1_42' title='bbox 439 1508 516 1606; x_wconf 91' lang='lat' dir='ltr'>capi</span> <span class='ocrx_word' id='word_1_43' title='bbox 541 1508 658 1604; x_wconf 91' lang='lat' dir='ltr'>Vejos,</span> <span class='ocrx_word' id='word_1_44' title='bbox 687 1534 732 1582; x_wconf 91' lang='lat' dir='ltr'>ne</span> <span class='ocrx_word' id='word_1_45' title='bbox 755 1509 876 1582; x_wconf 89' lang='lat' dir='ltr'>Roma</span> <span class='ocrx_word' id='word_1_46' title='bbox 893 1505 1139 1583; x_wconf 89' lang='lat' dir='ltr'>desereretur.&#39;’</span> 
     </span>
     <span class='ocr_line' id='line_1_8' title="bbox 149 1626 1138 1732; baseline -0.001 -28"><span class='ocrx_word' id='word_1_47' title='bbox 149 1630 249 1732; x_wconf 85' lang='lat' dir='ltr'>Qria</span> <span class='ocrx_word' id='word_1_48' title='bbox 265 1657 338 1703; x_wconf 91' lang='lat' dir='ltr'>non</span> <span class='ocrx_word' id='word_1_49' title='bbox 350 1629 386 1703; x_wconf 89' lang='lat' dir='ltr'>vi</span> <span class='ocrx_word' id='word_1_50' title='bbox 396 1633 558 1729; x_wconf 77' lang='lat' dir='ltr'>agebant,</span> <span class='ocrx_word' id='word_1_51' title='bbox 582 1629 642 1704; x_wconf 94' lang='lat' dir='ltr'>sed</span> <span class='ocrx_word' id='word_1_52' title='bbox 658 1627 836 1727; x_wconf 87' lang='lat' dir='ltr'>precibus,</span> <span class='ocrx_word' id='word_1_53' title='bbox 863 1633 898 1702; x_wconf 72' lang='grc' dir='ltr'>ἃ</span> <span class='ocrx_word' id='word_1_54' title='bbox 916 1626 1006 1702; x_wconf 87' lang='lat' dir='ltr'>inter</span> <span class='ocrx_word' id='word_1_55' title='bbox 1020 1654 1138 1727; x_wconf 80' lang='lat' dir='ltr'>preces</span> 
     </span>
    </p>
   </div>
   <div class='ocr_carea' id='block_1_3' title="bbox 146 1747 1139 4258">
    <p class='ocr_par' dir='ltr' id='par_1_3' title="bbox 146 1747 1139 2787">
     <span class='ocr_line' id='line_1_9' title="bbox 153 1747 1138 1850; baseline -0.001 -25"><span class='ocrx_word' id='word_1_56' title='bbox 153 1754 268 1826; x_wconf 85' lang='lat' dir='ltr'>multa</span> <span class='ocrx_word' id='word_1_57' title='bbox 281 1754 443 1825; x_wconf 87' lang='lat' dir='ltr'>Deorum</span> <span class='ocrx_word' id='word_1_58' title='bbox 457 1749 592 1824; x_wconf 88' lang='lat' dir='ltr'>mentio</span> <span class='ocrx_word' id='word_1_59' title='bbox 609 1771 693 1838; x_wconf 89' lang='lat' dir='ltr'>erat,</span> <span class='ocrx_word' id='word_1_60' title='bbox 713 1749 916 1850; x_wconf 89' lang='lat' dir='ltr'>religiosum</span> <span class='ocrx_word' id='word_1_61' title='bbox 928 1748 1016 1847; x_wconf 85' lang='lat' dir='ltr'>parti</span> <span class='ocrx_word' id='word_1_62' title='bbox 1025 1747 1138 1824; x_wconf 87' lang='lat' dir='ltr'>maxi·</span> 
     </span>
     <span class='ocr_line' id='line_1_10' title="bbox 151 1869 1135 1970; baseline -0.003 -24"><span class='ocrx_word' id='word_1_63' title='bbox 151 1899 230 1946; x_wconf 89' lang='lat' dir='ltr'>mae</span> <span class='ocrx_word' id='word_1_64' title='bbox 245 1870 324 1945; x_wconf 89' lang='lat' dir='ltr'>suit.</span> <span class='ocrx_word' id='word_1_65' title='bbox 357 1873 405 1945; x_wconf 88' lang='lat' dir='ltr'>Et</span> <span class='ocrx_word' id='word_1_66' title='bbox 422 1873 536 1970; x_wconf 85' lang='lat' dir='ltr'>legem</span> <span class='ocrx_word' id='word_1_67' title='bbox 552 1897 624 1946; x_wconf 88' lang='lat' dir='ltr'>una</span> <span class='ocrx_word' id='word_1_68' title='bbox 635 1872 751 1968; x_wconf 89' lang='lat' dir='ltr'>plures</span> <span class='ocrx_word' id='word_1_69' title='bbox 767 1870 880 1944; x_wconf 83' lang='lat' dir='ltr'>tribus</span> <span class='ocrx_word' id='word_1_70' title='bbox 896 1869 1135 1968; x_wconf 88' lang='lat' dir='ltr'>antiquarunt,</span> 
     </span>
     <span class='ocr_line' id='line_1_11' title="bbox 151 1989 1137 2090; baseline -0.002 -24"><span class='ocrx_word' id='word_1_71' title='bbox 151 2018 261 2090; x_wconf 87' lang='lat' dir='ltr'>quam</span> <span class='ocrx_word' id='word_1_72' title='bbox 279 1993 462 2088; x_wconf 89' lang='lat' dir='ltr'>jusserunt.</span> <span class='ocrx_word' id='word_1_73' title='bbox 512 1993 690 2090; x_wconf 89' lang='lat' dir='ltr'>Adeoque</span> <span class='ocrx_word' id='word_1_74' title='bbox 707 2018 748 2065; x_wconf 89' lang='lat' dir='ltr'>ea</span> <span class='ocrx_word' id='word_1_75' title='bbox 762 1989 910 2065; x_wconf 70' lang='lat' dir='ltr'>vicloria</span> <span class='ocrx_word' id='word_1_76' title='bbox 924 1993 1013 2066; x_wconf 87' lang='lat' dir='ltr'>laeta</span> <span class='ocrx_word' id='word_1_77' title='bbox 1028 1990 1137 2064; x_wconf 87' lang='lat' dir='ltr'>Patri·</span> 
     </span>
     <span class='ocr_line' id='line_1_12' title="bbox 151 2109 1135 2209; baseline 0.001 -23"><span class='ocrx_word' id='word_1_78' title='bbox 151 2115 218 2186; x_wconf 88' lang='lat' dir='ltr'>bus</span> <span class='ocrx_word' id='word_1_79' title='bbox 245 2110 328 2198; x_wconf 86' lang='lat' dir='ltr'>suit,</span> <span class='ocrx_word' id='word_1_80' title='bbox 354 2133 396 2185; x_wconf 90' lang='lat' dir='ltr'>ut</span> <span class='ocrx_word' id='word_1_81' title='bbox 415 2111 550 2209; x_wconf 92' lang='lat' dir='ltr'>postero</span> <span class='ocrx_word' id='word_1_82' title='bbox 573 2111 645 2199; x_wconf 91' lang='lat' dir='ltr'>die,</span> <span class='ocrx_word' id='word_1_83' title='bbox 672 2110 902 2188; x_wconf 86' lang='lat' dir='ltr'>referentibus</span> <span class='ocrx_word' id='word_1_84' title='bbox 919 2109 1135 2199; x_wconf 85' lang='lat' dir='ltr'>consulibus,</span> 
     </span>
     <span class='ocr_line' id='line_1_13' title="bbox 152 2229 1139 2332; baseline 0 -28"><span class='ocrx_word' id='word_1_85' title='bbox 152 2229 487 2306; x_wconf 81' lang='lat' dir='ltr'>senatusconsultum</span> <span class='ocrx_word' id='word_1_86' title='bbox 504 2233 616 2320; x_wconf 90' lang='lat' dir='ltr'>fieret,</span> <span class='ocrx_word' id='word_1_87' title='bbox 642 2253 684 2307; x_wconf 92' lang='lat' dir='ltr'>ut</span> <span class='ocrx_word' id='word_1_88' title='bbox 700 2233 774 2332; x_wconf 81' lang='lat' dir='ltr'>agri</span> <span class='ocrx_word' id='word_1_89' title='bbox 797 2229 981 2329; x_wconf 85' lang='lat' dir='ltr'>Vejentani</span> <span class='ocrx_word' id='word_1_90' title='bbox 1000 2230 1139 2329; x_wconf 88' lang='lat' dir='ltr'>septena</span> 
     </span>
     <span class='ocr_line' id='line_1_14' title="bbox 146 2351 1137 2452; baseline 0 -26"><span class='ocrx_word' id='word_1_91' title='bbox 146 2352 274 2450; x_wconf 86' lang='lat' dir='ltr'>jugera</span> <span class='ocrx_word' id='word_1_92' title='bbox 298 2351 394 2450; x_wconf 89' lang='lat' dir='ltr'>plebi</span> <span class='ocrx_word' id='word_1_93' title='bbox 422 2351 687 2440; x_wconf 84' lang='lat' dir='ltr'>dividerentur3</span> <span class='ocrx_word' id='word_1_94' title='bbox 718 2380 783 2427; x_wconf 90' lang='lat' dir='ltr'>nec</span> <span class='ocrx_word' id='word_1_95' title='bbox 806 2351 962 2452; x_wconf 87' lang='lat' dir='ltr'>patribus</span> <span class='ocrx_word' id='word_1_96' title='bbox 985 2351 1137 2426; x_wconf 83' lang='lat' dir='ltr'>familiae</span> 
     </span>
     <span class='ocr_line' id='line_1_15' title="bbox 153 2470 1136 2571; baseline 0.001 -23"><span class='ocrx_word' id='word_1_97' title='bbox 153 2493 305 2559; x_wconf 84' lang='lat' dir='ltr'>tantum,</span> <span class='ocrx_word' id='word_1_98' title='bbox 332 2470 392 2545; x_wconf 90' lang='lat' dir='ltr'>sed</span> <span class='ocrx_word' id='word_1_99' title='bbox 407 2493 451 2544; x_wconf 90' lang='lat' dir='ltr'>ut</span> <span class='ocrx_word' id='word_1_100' title='bbox 466 2471 630 2546; x_wconf 89' lang='lat' dir='ltr'>omniurn</span> <span class='ocrx_word' id='word_1_101' title='bbox 650 2472 687 2545; x_wconf 93' lang='lat' dir='ltr'>in</span> <span class='ocrx_word' id='word_1_102' title='bbox 705 2473 815 2547; x_wconf 91' lang='lat' dir='ltr'>domo</span> <span class='ocrx_word' id='word_1_103' title='bbox 833 2471 1025 2548; x_wconf 89' lang='lat' dir='ltr'>liberorum</span> <span class='ocrx_word' id='word_1_104' title='bbox 1042 2472 1136 2571; x_wconf 88' lang='lat' dir='ltr'>capi·</span> 
     </span>
     <span class='ocr_line' id='line_1_16' title="bbox 151 2591 1136 2691; baseline 0.001 -25"><span class='ocrx_word' id='word_1_105' title='bbox 151 2613 230 2666; x_wconf 89' lang='lat' dir='ltr'>turn</span> <span class='ocrx_word' id='word_1_106' title='bbox 246 2592 334 2668; x_wconf 86' lang='lat' dir='ltr'>ratio</span> <span class='ocrx_word' id='word_1_107' title='bbox 345 2595 552 2680; x_wconf 74' lang='lat' dir='ltr'>haberetur,</span> <span class='ocrx_word' id='word_1_108' title='bbox 572 2593 773 2691; x_wconf 90' lang='lat' dir='ltr'>vellentque</span> <span class='ocrx_word' id='word_1_109' title='bbox 790 2591 829 2664; x_wconf 91' lang='lat' dir='ltr'>in</span> <span class='ocrx_word' id='word_1_110' title='bbox 845 2617 923 2666; x_wconf 89' lang='lat' dir='ltr'>earn</span> <span class='ocrx_word' id='word_1_111' title='bbox 936 2591 1032 2691; x_wconf 90' lang='lat' dir='ltr'>spem</span> <span class='ocrx_word' id='word_1_112' title='bbox 1048 2592 1136 2667; x_wconf 90' lang='lat' dir='ltr'>libe-</span> 
     </span>
     <span class='ocr_line' id='line_1_17' title="bbox 153 2713 355 2787; baseline 0 0"><span class='ocrx_word' id='word_1_113' title='bbox 153 2738 207 2787; x_wconf 89' lang='lat' dir='ltr'>ros</span> <span class='ocrx_word' id='word_1_114' title='bbox 222 2713 355 2787; x_wconf 88' lang='lat' dir='ltr'>tollere.</span> 
     </span>
    </p>

    <p class='ocr_par' dir='ltr' id='par_1_4' title="bbox 153 2832 1139 4258">
     <span class='ocr_line' id='line_1_18' title="bbox 199 2832 1132 2932; baseline 0.001 -24"><span class='ocrx_word' id='word_1_115' title='bbox 199 2835 343 2908; x_wconf 89' lang='lat' dir='ltr'><strong>XXXI.</strong></span> <span class='ocrx_word' id='word_1_116' title='bbox 371 2837 427 2907; x_wconf 92' lang='lat' dir='ltr'>Eo</span> <span class='ocrx_word' id='word_1_117' title='bbox 440 2859 587 2909; x_wconf 89' lang='lat' dir='ltr'>munere</span> <span class='ocrx_word' id='word_1_118' title='bbox 609 2833 762 2907; x_wconf 86' lang='lat' dir='ltr'>delenita</span> <span class='ocrx_word' id='word_1_119' title='bbox 778 2835 895 2932; x_wconf 80' lang='lat' dir='ltr'>plebe,</span> <span class='ocrx_word' id='word_1_120' title='bbox 922 2832 1012 2907; x_wconf 91' lang='lat' dir='ltr'>nihil</span> <span class='ocrx_word' id='word_1_121' title='bbox 1026 2855 1132 2909; x_wconf 88' lang='lat' dir='ltr'>certa·</span> 
     </span>
     <span class='ocr_line' id='line_1_19' title="bbox 154 2952 1136 3052; baseline 0 -26"><span class='ocrx_word' id='word_1_122' title='bbox 154 2975 232 3026; x_wconf 89' lang='lat' dir='ltr'>turn</span> <span class='ocrx_word' id='word_1_123' title='bbox 250 2954 312 3042; x_wconf 92' lang='lat' dir='ltr'>est,</span> <span class='ocrx_word' id='word_1_124' title='bbox 331 2980 404 3052; x_wconf 92' lang='lat' dir='ltr'>quo</span> <span class='ocrx_word' id='word_1_125' title='bbox 417 2953 536 3029; x_wconf 88' lang='lat' dir='ltr'>minus</span> <span class='ocrx_word' id='word_1_126' title='bbox 553 2952 744 3028; x_wconf 85' lang='lat' dir='ltr'>consularia</span> <span class='ocrx_word' id='word_1_127' title='bbox 758 2953 903 3027; x_wconf 88' lang='lat' dir='ltr'>comitia</span> <span class='ocrx_word' id='word_1_128' title='bbox 915 2956 1136 3028; x_wconf 83' lang='lat' dir='ltr'>haberentur.</span> 
     </span>
     <span class='ocr_line' id='line_1_20' title="bbox 155 3071 1138 3162; baseline 0 -13"><span class='ocrx_word' id='word_1_129' title='bbox 155 3073 271 3150; x_wconf 86' lang='lat' dir='ltr'>Creati</span> <span class='ocrx_word' id='word_1_130' title='bbox 295 3073 452 3149; x_wconf 90' lang='lat' dir='ltr'>consules</span> <span class='ocrx_word' id='word_1_131' title='bbox 470 3077 517 3150; x_wconf 88' lang='lat' dir='ltr'>L.</span> <span class='ocrx_word' id='word_1_132' title='bbox 537 3073 695 3148; x_wconf 87' lang='lat' dir='ltr'>Valerius</span> <span class='ocrx_word' id='word_1_133' title='bbox 716 3071 869 3160; x_wconf 90' lang='lat' dir='ltr'>Potitus,</span> <span class='ocrx_word' id='word_1_134' title='bbox 890 3075 948 3147; x_wconf 89' lang='grc' dir='ltr'>Μ.</span> <span class='ocrx_word' id='word_1_135' title='bbox 964 3074 1138 3162; x_wconf 89' lang='lat' dir='ltr'>Manlius,</span> 
     </span>
     <span class='ocr_line' id='line_1_21' title="bbox 154 3193 1136 3294; baseline 0.001 -25"><span class='ocrx_word' id='word_1_136' title='bbox 154 3195 213 3269; x_wconf 89' lang='lat' dir='ltr'>cui</span> <span class='ocrx_word' id='word_1_137' title='bbox 236 3195 438 3294; x_wconf 87' lang='lat' dir='ltr'>Capitolino</span> <span class='ocrx_word' id='word_1_138' title='bbox 464 3195 581 3294; x_wconf 87' lang='lat' dir='ltr'>postea</span> <span class='ocrx_word' id='word_1_139' title='bbox 603 3194 708 3270; x_wconf 89' lang='lat' dir='ltr'>etiam</span> <span class='ocrx_word' id='word_1_140' title='bbox 729 3193 800 3270; x_wconf 90' lang='lat' dir='ltr'>fuit</span> <span class='ocrx_word' id='word_1_141' title='bbox 816 3219 1029 3293; x_wconf 85' lang='lat' dir='ltr'>cognomen.</span> <span class='ocrx_word' id='word_1_142' title='bbox 1080 3195 1136 3270; x_wconf 91' lang='lat' dir='ltr'>Hi</span> 
     </span>
     <span class='ocr_line' id='line_1_22' title="bbox 154 3313 1138 3415; baseline 0 -25"><span class='ocrx_word' id='word_1_143' title='bbox 154 3313 313 3390; x_wconf 89' lang='lat' dir='ltr'>consules</span> <span class='ocrx_word' id='word_1_144' title='bbox 323 3343 469 3415; x_wconf 84' lang='lat' dir='ltr'>magnos</span> <span class='ocrx_word' id='word_1_145' title='bbox 481 3316 584 3390; x_wconf 92' lang='lat' dir='ltr'>ludos</span> <span class='ocrx_word' id='word_1_146' title='bbox 598 3314 722 3405; x_wconf 89' lang='lat' dir='ltr'>fecere,</span> <span class='ocrx_word' id='word_1_147' title='bbox 742 3341 832 3413; x_wconf 88' lang='lat' dir='ltr'>quos</span> <span class='ocrx_word' id='word_1_148' title='bbox 849 3319 908 3390; x_wconf 89' lang='lat' dir='ltr'>M.</span> <span class='ocrx_word' id='word_1_149' title='bbox 923 3314 1052 3389; x_wconf 88' lang='lat' dir='ltr'>Furius</span> <span class='ocrx_word' id='word_1_150' title='bbox 1062 3316 1138 3390; x_wconf 90' lang='lat' dir='ltr'>dic·</span> 
     </span>
     <span class='ocr_line' id='line_1_23' title="bbox 155 3435 1138 3532; baseline 0.002 -22"><span class='ocrx_word' id='word_1_151' title='bbox 155 3457 245 3510; x_wconf 88' lang='lat' dir='ltr'>tator</span> <span class='ocrx_word' id='word_1_152' title='bbox 260 3457 403 3510; x_wconf 89' lang='lat' dir='ltr'>voverat</span> <span class='ocrx_word' id='word_1_153' title='bbox 428 3435 567 3532; x_wconf 89' lang='lat' dir='ltr'>Vejenti</span> <span class='ocrx_word' id='word_1_154' title='bbox 594 3436 698 3510; x_wconf 92' lang='lat' dir='ltr'>bello.</span> <span class='ocrx_word' id='word_1_155' title='bbox 751 3437 893 3510; x_wconf 90' lang='lat' dir='ltr'>Eodem</span> <span class='ocrx_word' id='word_1_156' title='bbox 918 3462 1013 3510; x_wconf 88' lang='lat' dir='ltr'>anno</span> <span class='ocrx_word' id='word_1_157' title='bbox 1035 3440 1138 3512; x_wconf 89' lang='lat' dir='ltr'>aedes</span> 
     </span>
     <span class='ocr_line' id='line_1_24' title="bbox 153 3554 1137 3656; baseline 0.005 -28"><span class='ocrx_word' id='word_1_158' title='bbox 153 3554 308 3652; x_wconf 90' lang='lat' dir='ltr'>Junonis</span> <span class='ocrx_word' id='word_1_159' title='bbox 330 3555 504 3654; x_wconf 82' lang='lat' dir='ltr'>Reginae,</span> <span class='ocrx_word' id='word_1_160' title='bbox 529 3558 573 3630; x_wconf 88' lang='lat' dir='ltr'>ab</span> <span class='ocrx_word' id='word_1_161' title='bbox 598 3557 724 3630; x_wconf 90' lang='lat' dir='ltr'>eodem</span> <span class='ocrx_word' id='word_1_162' title='bbox 744 3555 914 3630; x_wconf 67' lang='lat' dir='ltr'>dietatore</span> <span class='ocrx_word' id='word_1_163' title='bbox 936 3559 1137 3656; x_wconf 89' lang='lat' dir='ltr'>eodemque</span> 
     </span>
     <span class='ocr_line' id='line_1_25' title="bbox 153 3676 1138 3775; baseline 0.001 -25"><span class='ocrx_word' id='word_1_164' title='bbox 153 3677 249 3750; x_wconf 93' lang='lat' dir='ltr'>bello</span> <span class='ocrx_word' id='word_1_165' title='bbox 258 3697 353 3764; x_wconf 90' lang='lat' dir='ltr'>vota,</span> <span class='ocrx_word' id='word_1_166' title='bbox 364 3677 563 3750; x_wconf 85' lang='lat' dir='ltr'>dedicatur:</span> <span class='ocrx_word' id='word_1_167' title='bbox 582 3678 862 3775; x_wconf 82' lang='lat' dir='ltr'>celebratamque</span> <span class='ocrx_word' id='word_1_168' title='bbox 875 3676 1138 3751; x_wconf 85' lang='lat' dir='ltr'>dedicationem</span> 
     </span>
     <span class='ocr_line' id='line_1_26' title="bbox 153 3794 1139 3895; baseline 0.002 -27"><span class='ocrx_word' id='word_1_169' title='bbox 153 3794 292 3895; x_wconf 86' lang='lat' dir='ltr'>ingenti</span> <span class='ocrx_word' id='word_1_170' title='bbox 309 3817 545 3870; x_wconf 88' lang='lat' dir='ltr'>matronarum</span> <span class='ocrx_word' id='word_1_171' title='bbox 563 3795 679 3870; x_wconf 91' lang='lat' dir='ltr'>studio</span> <span class='ocrx_word' id='word_1_172' title='bbox 696 3798 849 3870; x_wconf 90' lang='lat' dir='ltr'>tradunt.</span> <span class='ocrx_word' id='word_1_173' title='bbox 888 3797 1025 3870; x_wconf 90' lang='lat' dir='ltr'>Bellum</span> <span class='ocrx_word' id='word_1_174' title='bbox 1042 3799 1139 3870; x_wconf 87' lang='lat' dir='ltr'>haud</span> 
     </span>
     <span class='ocr_line' id='line_1_27' title="bbox 154 3915 1135 4016; baseline -0.001 -26"><span class='ocrx_word' id='word_1_175' title='bbox 154 3915 384 3992; x_wconf 86' lang='lat' dir='ltr'>memorabile</span> <span class='ocrx_word' id='word_1_176' title='bbox 408 3916 445 3989; x_wconf 92' lang='lat' dir='ltr'>in</span> <span class='ocrx_word' id='word_1_177' title='bbox 473 3915 609 4016; x_wconf 86' lang='lat' dir='ltr'>Algido</span> <span class='ocrx_word' id='word_1_178' title='bbox 636 3941 720 3991; x_wconf 90' lang='lat' dir='ltr'>cum</span> <span class='ocrx_word' id='word_1_179' title='bbox 748 3915 886 4014; x_wconf 90' lang='lat' dir='ltr'>Aequis</span> <span class='ocrx_word' id='word_1_180' title='bbox 909 3915 1047 4016; x_wconf 83' lang='lat' dir='ltr'>gestum</span> <span class='ocrx_word' id='word_1_181' title='bbox 1072 3916 1135 4004; x_wconf 91' lang='lat' dir='ltr'>est,</span> 
     </span>
     <span class='ocr_line' id='line_1_28' title="bbox 154 4035 1138 4136; baseline 0.001 -26"><span class='ocrx_word' id='word_1_182' title='bbox 154 4035 236 4110; x_wconf 87' lang='lat' dir='ltr'>sufis</span> <span class='ocrx_word' id='word_1_183' title='bbox 259 4035 419 4112; x_wconf 87' lang='lat' dir='ltr'>hostibus</span> <span class='ocrx_word' id='word_1_184' title='bbox 445 4035 543 4134; x_wconf 91' lang='lat' dir='ltr'>prius</span> <span class='ocrx_word' id='word_1_185' title='bbox 559 4061 661 4134; x_wconf 89' lang='lat' dir='ltr'>pene,</span> <span class='ocrx_word' id='word_1_186' title='bbox 690 4063 798 4136; x_wconf 89' lang='lat' dir='ltr'>quarn</span> <span class='ocrx_word' id='word_1_187' title='bbox 828 4062 954 4110; x_wconf 86' lang='lat' dir='ltr'>manus</span> <span class='ocrx_word' id='word_1_188' title='bbox 983 4035 1138 4111; x_wconf 91' lang='lat' dir='ltr'>consere-</span> 
     </span>
     <span class='ocr_line' id='line_1_29' title="bbox 155 4155 1138 4258; baseline 0.003 -29"><span class='ocrx_word' id='word_1_189' title='bbox 155 4179 243 4232; x_wconf 87' lang='lat' dir='ltr'>rent.</span> <span class='ocrx_word' id='word_1_190' title='bbox 293 4157 445 4245; x_wconf 84' lang='lat' dir='ltr'>Valerio,</span> <span class='ocrx_word' id='word_1_191' title='bbox 473 4157 573 4258; x_wconf 93' lang='lat' dir='ltr'>quod</span> <span class='ocrx_word' id='word_1_192' title='bbox 594 4155 864 4255; x_wconf 88' lang='lat' dir='ltr'>perseverantior</span> <span class='ocrx_word' id='word_1_193' title='bbox 887 4157 1074 4233; x_wconf 84' lang='lat' dir='ltr'>caedendis</span> <span class='ocrx_word' id='word_1_194' title='bbox 1100 4159 1138 4241; x_wconf 91' lang='lat' dir='ltr'>in</span> 
     </span>
    </p>
   </div>
   <div class='ocr_carea' id='block_1_4' title="bbox 0 0 1541 5342">
    <p class='ocr_par' dir='ltr' id='par_1_5' title="bbox 0 0 1541 5342">
     <span class='ocr_line' id='line_1_30' title="bbox 0 0 1541 5342; baseline 0 0"><span class='ocrx_word' id='word_1_195' title='bbox 0 0 1541 5342; x_wconf 95' lang='lat' dir='ltr'> </span> 
     </span>
    </p>
   </div>
  </div>
 </body>
</html>
