3067 5342
406 713 478 812 396
748 709 1064 784 T.Lrv11

287 881 291 888 ’
398 881 564 962 “censor
584 905 720 960 creatus
746 886 841 974 effer,
867 887 1021 986 populus
1044 881 1203 963 creavit?
1231 901 1269 955 tu
1284 905 1370 956 unus

398 1018 425 1052 “
442 1005 596 1082 eximius
608 1032 659 1095 es,
674 1003 712 1080 in
729 1031 804 1103 quo
820 1008 890 1082 hoc
908 1005 1142 1104 praecipuum
1156 1029 1198 1078 ac
1213 1003 1372 1102 fingulare

398 1138 425 1172 “
442 1129 580 1202 valeat?
616 1130 739 1228 Qrem
768 1147 809 1200 tu
840 1151 960 1225 regern
990 1121 1244 1198 sacrificiorum
1274 1147 1374 1210 crees,

398 1259 425 1292 ‘⁸
442 1249 628 1346 amplexus
644 1244 743 1346 regni
762 1271 909 1333 nomen,
936 1243 1057 1343 utqui
1074 1242 1216 1341 optimo
1226 1245 1306 1342 jure
1320 1267 1375 1316 rex

399 1377 426 1412 ‘⁴
442 1369 584 1444 Romae
614 1389 750 1442 creatus
784 1369 835 1456 fit,
863 1385 1022 1441 creatum
1052 1363 1242 1440 sedicet?
1276 1389 1376 1463 quem

398 1487 594 1564 “semestri
621 1487 806 1576 didatura,
847 1513 956 1585 quem
986 1485 1191 1585 interregno
1219 1484 1376 1584 quinque

398 1620 424 1653 “
441 1607 584 1684 dierum
598 1628 810 1684 contentum
820 1605 895 1682 fore
905 1629 1006 1706 putes
1020 1609 1033 1682 Ρ
1048 1634 1161 1707 quem
1172 1606 1263 1683 clavi
1274 1607 1375 1704 figen-

399 1741 425 1774 “
443 1727 497 1816 di,
534 1750 597 1803 aut
631 1729 802 1804 ludorum
831 1730 946 1804 cauffa
974 1715 1185 1806 didarorem
1223 1725 1377 1800 audader

399 1862 428 1896 ‘⁶
443 1852 565 1926 crees?
600 1853 723 1951 Qram
749 1848 805 1924 isti
839 1849 983 1924 stolidos
1013 1877 1054 1925 ac
1079 1849 1243 1926 socordes
1272 1843 1375 1922 videri

398 1981 425 2016 “
443 1969 586 2048 creditis
602 1997 676 2058 eos,
709 1969 773 2068 qui
791 1967 882 2044 intra
902 1969 1111 2046 vicesimum
1129 1969 1245 2058 diem,
1262 1967 1375 2067 ingen·

399 2090 541 2167 “tibus
566 2094 671 2167 rebus
697 2088 815 2190 gestis,
846 2089 1022 2166 dinatum
1054 2089 1088 2165 se
1115 2090 1374 2174 abdicaverunt,

400 2225 425 2258 ‘⁴
444 2233 506 2288 aut
520 2211 585 2311 qui
611 2209 702 2286 vitio
717 2210 823 2286 creari
841 2209 1005 2287 abierunt
1021 2209 1256 2311 magistratu?
1282 2207 1376 2310 Qrid

400 2343 513 2432 “ego
526 2329 675 2430 antiqua
694 2332 879 2429 repetam?
910 2333 1039 2430 Nuper
1056 2331 1148 2408 intra
1171 2335 1296 2408 decem
1322 2351 1375 2402 an·

401 2463 426 2498 “
445 2477 510 2526 nos
523 2453 566 2526 C.
581 2449 751 2526 Maenius
765 2449 928 2540 dideror,
951 2450 1049 2550 quia,
1072 2479 1192 2552 quum
1212 2447 1373 2551 quaestio·

399 2585 425 2621 ‘⁴
443 2598 505 2647 nes
515 2569 679 2660 severius,
697 2595 807 2671 quam
819 2571 1034 2670 quibusdam
1046 2574 1376 2672 potentibustutum

399 2704 425 2738 “
444 2715 529 2781 erat,
556 2713 746 2779 exerceret,
778 2689 945 2791 contagio
961 2694 1048 2790 ejus,
1077 2697 1182 2793 quod
1199 2692 1377 2794 quaerebat
1414 2739 1418 2754 .

401 2823 426 2858 ‘⁸
445 2811 531 2910 ipse,
555 2810 714 2887 criminis
730 2813 904 2910 objedata
920 2815 965 2888 ab
989 2813 1145 2890 inimicis
1162 2817 1228 2906 est,
1263 2835 1301 2890 ut
1314 2808 1376 2910 pri-

398 2943 424 2977 “
442 2952 543 3007 vatus
556 2931 702 3009 obviam
718 2931 785 3008 iret
809 2931 965 3021 crimini,
1000 2933 1176 3010 didatura
1193 2935 1227 3013 se
1244 2931 1376 3009 abdica·

400 3063 426 3098 “
443 3051 507 3128 vit.
556 3053 657 3127 Nolo
673 3051 857 3152 egoistam
868 3051 905 3128 in
918 3075 952 3128 te
965 3054 1199 3132 modestiam:
1219 3083 1262 3130 ne
1279 3056 1376 3151 dege·

399 3183 425 3218 “
444 3171 616 3250 neraveris
632 3199 653 3247 a
668 3170 803 3247 familie
829 3171 1101 3272 imperiosrffima
1130 3179 1164 3250 ὅτ
1192 3173 1376 3277 superbisti·

399 3306 425 3340 “
441 3321 521 3370 ma:
539 3320 612 3368 non
626 3292 700 3382 die,
715 3319 789 3368 non
806 3295 891 3367 hora
904 3291 1023 3384 citius,
1047 3321 1156 3394 quam
1174 3298 1306 3374 neceffe
1320 3291 1375 3379 est,

401 3413 649 3512 “magistratu
676 3411 803 3490 abieris
815 3446 826 3502 ;
851 3415 962 3488 modo
989 3441 1033 3490 ne
1061 3419 1212 3494 excedas
1241 3415 1376 3492 finitum

399 3543 425 3580 “
443 3555 596 3632 tempus.
647 3531 735 3608 Satis
752 3532 815 3622 est,
829 3553 892 3608 aut
905 3533 1017 3623 diem,
1049 3556 1110 3610 aut
1126 3537 1282 3614 mensem
1301 3560 1377 3612 cen-

399 3667 425 3702 “
443 3655 541 3730 surae
557 3653 735 3750 adjicere?
752 3652 985 3743 Triennium,
1004 3655 1135 3756 inquit,
1156 3661 1190 3732 δι
1209 3659 1268 3734 sex
1284 3677 1375 3732 men·

398 3787 424 3824 “
441 3776 493 3852 ses
518 3777 623 3863 ultra,
649 3799 760 3872 quam
789 3772 874 3849 licet
903 3775 1061 3852 Aemilia
1087 3779 1179 3878 lege,
1203 3775 1374 3854 censuram

399 3908 425 3944 ‘⁴
443 3923 576 3998 geram,
605 3893 745 3970 &solus
762 3921 894 3994 geram.
945 3899 1032 3973 Hoc
1048 3897 1199 3995 quidem
1214 3900 1290 3996 jam
1305 3919 1374 3994 reg·

399 4027 492 4091 “no
514 4016 623 4092 fimile
639 4013 700 4091 est.
753 4019 813 4090 An
840 4017 1013 4116 collegam
1031 4017 1251 4118 subrogabis,
1273 4019 1375 4116 quem

401 4147 425 4181 ‘⁶
444 4163 488 4210 ne
523 4136 561 4210 in
587 4134 768 4210 demortui
796 4134 948 4234 quidem
975 4138 1096 4212 locum
1123 4137 1302 4239 subrogari
1331 4131 1375 4208 fas
