3067 5342
505 675 735 748 Lraurt
788 676 887 749 VIII.
1031 699 1035 714 ·
1107 701 1177 776 307

192 846 370 944 perculsos
385 846 463 920 effe.
513 845 695 922 Deformis
717 846 837 947 suapte
853 868 977 925 natura
992 874 1045 923 res
1063 875 1180 948 quum

193 963 346 1064 speciem
368 963 515 1062 injuriae
539 966 677 1066 magis,
702 993 812 1066 quam
842 967 931 1056 doli,
956 995 1038 1067 prae
1060 969 1095 1044 se
1111 969 1178 1046 fet-

192 1107 257 1173 ret,
288 1084 457 1159 concitati
474 1085 636 1160 homines
650 1109 787 1186 cogunt
803 1089 954 1162 clamore
971 1086 1034 1162 suo
1050 1088 1177 1187 magis·

193 1225 302 1279 cratus
335 1202 494 1280 senatum
530 1232 671 1281 vocare:
721 1211 756 1282 δι
795 1207 868 1296 alii,
915 1206 1179 1282 circumstantes

194 1322 405 1412 concilium,
436 1328 570 1400 bellurn
585 1325 622 1400 in
641 1329 826 1402 Romanos
840 1327 1012 1424 poscunt:
1046 1325 1106 1400 alii
1129 1328 1176 1402 ad

193 1443 443 1520 concitandam
473 1443 512 1520 in
542 1472 638 1520 arma
672 1446 943 1522 multitudinem
983 1445 1175 1544 agrestium

190 1563 419 1670 discurrunt:
454 1569 686 1665 tumultuque
697 1566 804 1642 etiam
820 1566 919 1642 sanos
934 1566 1176 1642 consternante

173 1681 342 1774 ..animoa
364 1684 577 1774 decernitur,
611 1708 653 1760 ut
677 1684 822 1762 societas
847 1711 933 1762 cum
959 1687 1177 1764 Samnitibus

192 1827 417 1881 renovaretur
428 1839 441 1894 3
487 1806 666 1906 legatique
692 1808 739 1880 ad
767 1833 847 1881 eam
872 1833 948 1880 rem
976 1806 1178 1884 mittuntur.

194 1926 398 2024 Repentina
424 1953 476 2000 res
493 1925 579 2025 quia
606 1953 716 2025 quam
750 1928 902 2001 caussam
929 1928 1077 2016 nullam,
1105 1949 1179 2004 tam

192 2073 238 2122 ne
265 2049 375 2120 fidem
403 2046 553 2145 quidem
583 2048 749 2135 habebat,
780 2044 890 2120 coadi
921 2046 1177 2122 aSamnitibus

194 2169 382 2242 &obfides
408 2169 503 2254 dare,
531 2170 565 2240 dc
582 2164 749 2264 praesidia
765 2164 803 2239 in
829 2165 909 2240 loca
929 2165 1069 2240 munita
1083 2165 1176 2242 acci-

192 2313 290 2384 pere,
321 2285 417 2362 caeci
433 2284 555 2361 fraude
572 2289 607 2360 &
626 2285 676 2360 ira
691 2285 782 2360 nihil
805 2285 1017 2361 recusarunt.
1067 2286 1174 2362 Dilu·

194 2431 271 2481 cere
289 2395 420 2480 deinde
438 2404 535 2480 brevi
560 2404 652 2479 fraus
678 2405 810 2502 coepit,
843 2407 1031 2505 postquam
1056 2407 1176 2482 crimi-

194 2551 282 2600 num
301 2524 465 2600 salsorum
483 2527 641 2599 auctores
657 2528 855 2600 Tarentum
879 2526 1173 2624 commigravere:

194 2644 267 2733 sed,
310 2643 430 2720 amissa
462 2643 561 2718 omni
594 2646 639 2719 de
669 2644 702 2719 se
728 2645 910 2744 potestate,
953 2645 1043 2719 nihil
1072 2648 1177 2735 ultra,

194 2790 303 2864 quam
320 2786 363 2839 ut
376 2765 571 2862 poeniteret
587 2764 724 2853 frustra,
750 2765 907 2841 restabat.

244 2886 418 2960 XXVIII.
445 2886 502 2959 Eo
526 2911 619 2958 anno
644 2885 741 2984 plebi
761 2887 947 2960 Romanae
962 2886 1062 2959 velut
1078 2885 1178 2960 aliud

195 3002 339 3080 initium
363 3003 533 3079 libertatis
558 3002 692 3082 saelum
726 3004 788 3092 est,
822 3006 922 3102 quod
951 3004 1044 3079 nesli
1070 3006 1177 3079 defie-

195 3147 295 3200 runt:
325 3145 507 3200 mutatum
534 3146 653 3200 autem
674 3125 733 3220 jus
759 3127 808 3200 ob
827 3123 935 3199 unius
952 3123 1178 3200 foeneratoris

193 3247 297 3319 simul
331 3243 536 3336 libidinem,
580 3246 681 3318 simul
717 3243 963 3320 crudelitatem
993 3245 1176 3343 infignem.

195 3366 242 3438 L.
260 3363 422 3462 Papirius
439 3364 468 3440 is
487 3365 573 3440 fuit:
608 3364 669 3441 cui
684 3389 801 3463 quum
820 3364 852 3440 se
870 3368 912 3440 C.
930 3362 1108 3441 Publilius
1127 3366 1177 3438 ob

194 3510 250 3558 aes
267 3483 423 3558 alienum
447 3507 634 3584 paternum
661 3511 796 3559 nexum
813 3484 979 3572 dedisset;
1013 3509 1104 3582 quae
1120 3511 1177 3558 ae·

194 3624 244 3680 tas
258 3601 443 3702 formaque
463 3603 739 3679 misericordiam
753 3604 877 3678 elicere
890 3625 1037 3703 poterat,
1068 3604 1114 3676 ad
1134 3601 1176 3676 li·

196 3723 358 3800 bidinem
386 3729 420 3798 &
447 3721 702 3799 contumeliam
728 3721 890 3798 animum
915 3724 1178 3798 accendemntr

195 3848 246 3932 ἃ,
277 3847 402 3918 florem
416 3841 536 3918 aetatis
552 3843 625 3939 ejus
638 3841 796 3918 fructum
809 3842 1051 3917 adventicium
1065 3842 1178 3918 credi·

196 3962 225 4037 ti
245 3985 351 4053 ratus,
386 3961 503 4062 primo
536 3961 704 4060 perlicere
733 3961 991 4037 adolescentem
1019 3962 1178 4038 sermone
1234 4009 1268 4030 .-

196 4083 330 4160 incesto
347 4084 397 4160 est
413 4103 579 4160 conatusr
613 4081 711 4170 dein,
741 4081 930 4181 postquam
952 4081 1179 4183 aspernaban·
1256 4109 1260 4116 ·
