3067 5342
353 702 427 772 410
688 679 1005 755 T.Lrv11

355 869 424 937 tor,
469 848 616 925 victoria
646 849 883 952 triumphans,
926 855 1054 928 urbem
1087 848 1137 926 est
1170 848 1359 924 invehitis.

353 969 456 1072 Quin
472 969 581 1046 etiam
597 970 821 1046 devictorum
840 971 1057 1047 Samnitium
1082 971 1194 1045 decus
1211 994 1358 1067 magna

353 1111 509 1189 exparte
526 1091 572 1164 ad
586 1091 733 1189 legatos,
759 1094 802 1165 P.
819 1092 976 1168 Decium
1003 1095 1037 1165 &
1069 1092 1127 1165 Μ.
1145 1088 1358 1176 Valerium,

352 1209 403 1284 est
427 1208 588 1285 versums
619 1235 712 1308 quos
737 1213 891 1309 populus
914 1209 1088 1309 proximis
1114 1208 1283 1285 comitiis
1301 1208 1359 1282 in-

353 1327 452 1430 genti
469 1327 640 1406 consensu
661 1328 843 1406 consulem
859 1332 1023 1421 alterum,
1039 1333 1191 1406 alterum
1206 1350 1360 1428 praeto·

353 1474 427 1524 rem
445 1448 645 1525 declaravit.

402 1571 505 1645 XLI.
541 1569 653 1644 Fabio
670 1572 719 1644 ob
739 1568 879 1670 egregie
897 1570 1135 1669 perdomitam
1161 1568 1358 1644 Etruriam

354 1688 584 1766 continuatur
614 1688 840 1778 consulatus,
887 1689 1023 1766 Decius
1056 1692 1193 1790 collega
1224 1693 1356 1765 datur.

353 1809 512 1886 Valerius
528 1830 668 1909 praetor
681 1831 853 1908 quartum
876 1831 1023 1885 creatus.
1072 1807 1245 1884 Consules
1269 1833 1355 1907 par·

353 1928 409 2004 titi
426 1927 635 2028 provincias.
687 1928 831 2004 Etruria
856 1929 986 2018 Decio,
1016 1913 1203 2004 Samnium
1228 1927 1353 2004 Fabio

352 2047 481 2124 evenit.
531 2050 565 2124 Is
597 2048 777 2147 profedus
806 2051 854 2125 ad
880 2047 1076 2124 Nuceriam
1106 2048 1350 2135 Alfaternam,

352 2189 433 2243 turn
446 2195 570 2267 pacem
587 2189 759 2266 petentes,
791 2171 893 2268 quod
909 2168 963 2244 uti
977 2197 1031 2257 ea,
1056 2195 1173 2268 quum
1187 2169 1350 2255 daretur,

353 2287 554 2376 noluissent,
583 2288 823 2388 adspernatus,
857 2290 1102 2390 obpugnando
1130 2290 1179 2364 ad
1210 2287 1349 2363 dediti·

351 2433 459 2482 onem
478 2405 629 2506 subegit.
678 2410 776 2484 Cum
792 2409 1012 2486 Samnitibus
1024 2409 1099 2484 acie
1115 2407 1348 2484 dimicatum.

352 2528 468 2604 Haud
484 2553 617 2626 magno
633 2528 825 2604 certamine
843 2530 959 2605 hostes
984 2528 1091 2604 viffi:
1121 2552 1239 2625 neque
1265 2529 1347 2624 ejus

351 2673 493 2748 pugnae
510 2647 681 2724 memoria
693 2648 820 2724 tradita
832 2647 934 2737 foret,
950 2649 988 2723 ni
1006 2651 1113 2724 Marsi
1127 2675 1171 2723 eo
1180 2646 1343 2746 primum

352 2767 486 2868 proelio
507 2794 592 2843 curn
616 2769 792 2843 Romanis
815 2771 1005 2846 bellassent.
1053 2767 1173 2844 secuti
1201 2766 1342 2842 Marso-

352 2913 433 2963 rum
451 2886 688 2984 defedionem
705 2888 859 2989 Peligni,
885 2891 1049 2964 eamdem
1071 2887 1251 2963 fortunam
1276 2889 1342 2962 ha·

352 3011 520 3084 buerunt
580 3008 697 3084 Decio
722 3033 869 3107 quoque
895 3008 994 3082 alteri
1017 3005 1153 3082 consuli
1183 3005 1343 3080 secunda

352 3127 437 3206 belli
464 3127 606 3203 fortuna
627 3149 709 3204 erat.
758 3127 1056 3226 Tarquiniensem
1072 3149 1171 3203 metu
1191 3125 1340 3226 subege-

351 3270 403 3325 rat
421 3248 643 3324 frumentum
660 3246 832 3322 exercitui
849 3251 1028 3345 praebere,
1051 3270 1160 3346 atque
1175 3245 1340 3321 inducias

352 3368 389 3444 in
416 3368 650 3468 quadraginta
665 3393 777 3444 annos
799 3389 929 3467 petere.
981 3367 1249 3444 Volsiniensium
1265 3365 1338 3442 cas·

351 3489 433 3564 tella
460 3487 598 3588 aliquot
611 3487 648 3564 vi
665 3487 781 3586 cepit:
812 3489 990 3585 quaedam
1008 3515 1054 3563 ex
1076 3487 1121 3563 iis
1136 3484 1260 3575 diruit,
1290 3513 1336 3561 ne

221 3607 224 3616 ’
351 3609 574 3707 receptaculo
606 3607 768 3683 hostibus
809 3609 937 3682 ellentz
979 3606 1337 3706 circumferendoque

349 3733 470 3831 paffim
486 3729 595 3816 bello,
618 3747 758 3802 tantum
775 3747 943 3802 terrorem
959 3725 1012 3802 sui
1030 3727 1129 3818 fecit,
1146 3749 1188 3801 ut
1203 3753 1336 3802 nomen

349 3877 457 3928 omne
473 3846 664 3926 Etruscum
677 3846 805 3924 foedus
817 3849 862 3921 ab
873 3844 1015 3922 consule
1025 3870 1169 3946 peteret.
1219 3847 1336 3922 Aede

351 3995 394 4047 eo
423 3969 574 4067 quidem
601 3966 692 4043 nihil
725 3965 952 4065 inpetratum.
1001 3967 1173 4044 Induciae
1197 3991 1335 4044 annuae
