3067 5342
400 643 471 739 362
731 639 1045 713 T.'L1vrr

398 805 483 884 dem
512 809 696 886 confilium
725 833 843 910 petere
869 813 964 909 jusfi,
1007 806 1143 910 quibus
1178 805 1379 884 auctoribus

399 929 608 1027 praefidium
632 929 669 1005 in
683 935 810 1006 urbem
829 931 1049 1028 accepillent,
1082 927 1303 1016 discedunt;
1328 953 1379 1000 ae·

399 1075 533 1148 greque
559 1049 745 1148 inpetrato,
772 1073 815 1125 ut
840 1053 886 1124 de
909 1077 950 1124 ea
974 1075 1011 1124 re
1040 1047 1180 1124 consuli
1213 1047 1380 1133 senatum,

401 1167 631 1268 responsaque
647 1169 739 1245 adse
755 1170 873 1247 referri
891 1174 1026 1258 fineret,
1051 1172 1096 1244 ad
1112 1169 1197 1245 suos
1221 1168 1385 1242 redeunt·

401 1289 505 1364 Duae
524 1288 694 1366 fadiones
709 1289 868 1364 senatum
897 1289 1130 1376 distinebant3
1167 1313 1256 1374 una,
1285 1285 1380 1380 cujus

400 1407 576 1508 principes
590 1431 687 1485 erant
702 1407 945 1484 defedionisa
961 1411 1095 1508 populo
1113 1411 1288 1482 Romano
1302 1427 1380 1476 auc-

402 1549 517 1616 tores;
565 1531 683 1616 altera,
723 1527 884 1603 fidelium
913 1527 1061 1604 civium.
1120 1532 1310 1616 Certatum
1337 1523 1379 1595 ab

401 1647 558 1745 utrisque
577 1669 695 1723 tamen
716 1649 780 1736 est,
805 1669 847 1722 ut
868 1650 913 1722 ad
939 1647 1239 1722 reconciliandam
1261 1665 1378 1741 pacem

403 1765 538 1842 consuli
555 1792 660 1866 opera
671 1789 864 1843 navaremr.
913 1771 995 1842 Pars
1011 1769 1116 1842 altera
1135 1773 1272 1866 (quum
1288 1785 1378 1858 prae·

400 1884 528 1960 fidium
545 1885 772 1976 Samnitium,
799 1886 886 1986 quia
902 1887 992 1962 nihil
1008 1886 1086 1961 satis
1101 1881 1297 1985 praeparati
1312 1897 1379 1952 erat

401 2007 447 2082 ad
471 2006 691 2083 obfidionem
717 2007 948 2096 tolerandam,
974 2008 1199 2082 exceffurum
1224 1999 1380 2102 proxima

402 2129 506 2202 noete
532 2129 629 2220 effet)
657 2125 846 2202 enunciare
874 2125 1011 2202 consuli
1036 2125 1114 2200 satis
1141 2122 1285 2210 habuit,
1313 2141 1379 2218 qua

402 2245 514 2320 notris
531 2249 629 2334 hora,
660 2271 802 2344 quaque
820 2269 935 2344 porta,
963 2251 997 2320 δι
1015 2269 1124 2344 quam
1155 2245 1197 2319 in
1224 2242 1316 2317 viam
1345 2263 1376 2310 e·

402 2368 576 2464 greffurus
590 2363 697 2438 hostis
713 2363 815 2439 foret.
866 2367 1000 2454 Altera,
1021 2363 1154 2463 quibus
1173 2361 1294 2439 invitis
1308 2353 1375 2432 des·

403 2484 516 2560 citum
541 2487 587 2559 ad
603 2484 777 2560 Samnites
794 2506 877 2573 erat,
903 2487 1027 2560 eadem
1043 2487 1149 2559 nocte
1163 2503 1302 2584 portam
1317 2473 1375 2551 eti-

401 2631 460 2680 am
486 2603 620 2680 consuli
647 2626 874 2703 aperuerunt,
905 2603 1125 2704 armatosque
1148 2609 1244 2680 clam
1271 2595 1375 2674 hostes

402 2724 442 2799 in
467 2728 594 2800 urbem
610 2745 832 2820 acceperunt.
882 2727 936 2798 lta
957 2725 1095 2823 duplici
1120 2712 1375 2824 proditione&

402 2843 612 2942 praesidium
634 2843 861 2932 Samnitium,
886 2841 1011 2918 inseffis
1041 2842 1133 2918 circa
1154 2844 1252 2919 viam
1274 2829 1374 2913 srlves·

402 2962 515 3038 tribus
532 2963 632 3051 locis,
658 2962 869 3061 necopinato
885 2965 1087 3061 obpreffum
1103 2963 1165 3051 est,
1188 2968 1225 3038 δι
1238 2961 1283 3035 ab
1296 2955 1374 3030 urbe

401 3084 505 3183 plena
520 3081 676 3158 hostium
698 3086 832 3158 clamor
857 3081 1034 3170 sublatus3
1065 3102 1322 3179 momentoque
1336 3098 1373 3146 u·

403 3203 483 3278 nius
503 3205 607 3277 horae
630 3200 747 3276 caesus
772 3201 922 3290 Samnis,
956 3202 1158 3278 Satricanus
1183 3221 1319 3300 captus,
1343 3194 1372 3264 δι

404 3323 525 3397 omnia
540 3321 579 3396 in
601 3321 771 3421 potestate
793 3321 944 3396 consulis
960 3343 1068 3396 erant.
1116 3323 1206 3423 Qri,
1233 3307 1372 3420 quaesti·

404 3465 473 3515 one
505 3441 636 3529 habita,
662 3466 819 3538 quorum
849 3467 954 3538 opera
983 3440 1135 3516 defectio
1168 3445 1251 3516 elset
1278 3433 1373 3515 fafflr

401 3585 493 3660 quos
509 3560 623 3636 sontes
637 3559 823 3657 comperit,
850 3560 959 3660 virgis
983 3559 1097 3636 caesos
1117 3559 1228 3636 securi
1242 3545 1370 3658 percus·

402 3685 459 3756 lit:
490 3679 731 3781 praefidioque
748 3679 868 3755 valido
890 3679 1052 3777 inposito,
1085 3705 1181 3755 arma
1196 3666 1371 3754 Satricanis

402 3801 547 3877 ademit.
597 3802 685 3874 Inde
713 3802 759 3874 ad
786 3799 1007 3897 triumphurn
1036 3801 1206 3874 deceffille
1223 3803 1370 3873 Romam

402 3920 585 4020 Papirium
602 3916 789 3995 Cursorem
809 3917 979 4007 scribunt,
1011 3916 1074 4017 qui
1092 3945 1135 3992 eo
1152 3921 1245 3994 duee
1261 3917 1368 3990 Luce·

401 4039 489 4116 riam
518 4059 706 4139 receptam,
736 4036 980 4138 Samnitesque
1011 4038 1234 4142 subjugum
1260 4028 1370 4112 miff0⁵
