3067 5342
395 883 443 958 T.
468 883 617 959 LIVII
647 884 938 960 PATAVINI

253 1085 1091 1206 HISTORIARUM

311 1362 397 1442 AB
435 1362 628 1442 URBE
664 1361 1007 1442 CONDITA

487 1571 830 1668 LIBRI.

388 2030 601 2088 ΕΡῙΤΟΜΕ
639 2033 772 2087 LIBRI
815 2035 940 2092 Nom.

179 2159 266 2334 Te
289 2233 462 2316 Veturius
480 2235 524 2315 ft?
539 2237 605 2342 Sp.
628 2232 827 2342 Postumius
846 2233 952 2342 apud
966 2237 1152 2322 Caudinas

173 2379 334 2476 Furcas,
359 2375 503 2458 dedutto
521 2376 559 2456 in
578 2377 689 2456 Iocum
705 2391 831 2456 artum
848 2373 1023 2472 exercitu,
1043 2406 1153 2487 quum

173 2513 274 2594 nulla
286 2517 375 2621 spes
396 2506 573 2592 evadendi
589 2507 682 2618 effet,
702 2506 855 2614 forden
872 2536 953 2588 cum
971 2508 1151 2590 Samniti-

170 2641 238 2725 bus
249 2646 375 2752 fatto,
413 2643 644 2753 &sexcentis
659 2639 837 2752 equitibus
864 2640 1036 2721 Romanis
1060 2639 1150 2746 obſs·

172 2777 276 2860 dibus
300 2774 410 2873 datis,
439 2775 495 2858 ita
511 2776 706 2859 exercitum
723 2773 966 2870 abduxerunt,
999 2793 1042 2856 ut
1072 2808 1149 2859 om·

173 2938 234 2992 nes
246 2909 324 3020 sub
346 2909 486 3018 jugum
518 2908 763 2990 mitterentur.
819 2905 1013 3018 iidemque,
1059 2941 1150 2996 auc.

172 3060 249 3123 tore
275 3045 340 3152 Sp.
361 3041 537 3148 Postumio
550 3043 696 3149 cerfiele,
725 3039 819 3151 (qui
832 3038 871 3119 in
875 3043 1013 3148 senatu
1015 3047 1148 3154 stease

172 3195 252 3271 rat,
280 3191 323 3256 ut
341 3204 461 3256 eorum
478 3173 662 3271 deditione,
691 3202 842 3284 quorum
860 3175 967 3282 culpa
993 3188 1071 3256 tarn
1087 3176 1150 3258 de-

159 3309 288 3417 forme
296 3307 433 3417 foedus
447 3304 558 3388 iilum
576 3325 672 3403 erat,
697 3305 847 3416 publica
858 3303 957 3414 fides
980 3304 1150 3390 liberare·

172 3441 266 3550 tur)
304 3469 384 3523 cum
415 3437 548 3522 duobus
579 3437 738 3520 tribunis
755 3435 872 3548 plebis
904 3437 948 3517 ὅ
977 3441 1150 3542 omnibus,

171 3573 239 3688 qui
267 3571 402 3684 foedus
427 3569 710 3684 spoponderant,
757 3568 870 3650 dediti
914 3571 1150 3673 Samnitibus,

171 3709 343 3815 nonstent
365 3705 514 3814 recepti.
570 3707 653 3784 Nec
675 3705 786 3786 multo
795 3701 888 3813 post,
903 3702 1003 3810 suste
1026 3733 1052 3784 a
1070 3708 1154 3787 Pa-

166 3839 266 3947 piria
286 3841 441 3947 Cursore
468 3833 689 3919 Samnitibus
719 3837 762 3918 ὅ
775 3836 852 3946 steb
871 3835 1009 3944 jugum
1033 3837 1151 3945 miffle,
1205 3876 1209 3883 -

172 3972 392 4085 receptffque
407 3969 589 4084 sexcentis
601 3966 779 4078 equitibus
796 3969 981 4066 Romanis,
1008 3970 1075 4080 qui
1087 3969 1151 4052 ob·

155 4103 258 4214 fides
286 4103 369 4186 tati
395 4118 517 4200 erant,
541 4099 663 4212 pudor
683 4099 823 4210 prioris
836 4100 987 4212 flagitii
999 4102 1152 4186 abolitus
