3067 5342
350 615 446 706 '288
709 629 1023 704 T.L1vrr

376 799 418 874 lit
441 799 699 898 imperatorem,
729 821 773 876 ut
790 801 877 877 vino
892 801 1073 903 epulisque
1089 797 1220 897 sopitos
1238 795 1355 872 hostes

374 921 633 1018 adgrederetur.
684 924 763 997 Nec
794 923 923 1018 majore
945 919 1135 996 certamine
1157 916 1252 1014 capti
1268 941 1357 990 cum

374 1043 463 1114 urbe
488 1038 647 1114 Ausones
673 1039 765 1128 sunt,
800 1066 910 1139 quam
925 1040 1000 1115 acie
1016 1037 1081 1112 fust
1094 1057 1201 1112 erant.
1251 1037 1356 1109 Prae·

375 1159 423 1232 da
447 1178 548 1256 capta
565 1159 689 1258 ingens
705 1160 765 1234 est.
816 1161 1062 1258 Praefidioque
1087 1157 1237 1256 inpofito
1259 1156 1355 1230 Cali-

375 1279 442 1352 bus
468 1280 633 1354 redudiee
650 1283 807 1354 Romam
821 1277 989 1378 legiones.
1038 1275 1171 1352 Consul
1186 1303 1233 1352 ex
1259 1275 1357 1349 sena-

375 1396 591 1473 tusconsulto
620 1396 869 1496 triumphavit:
910 1403 958 1486 dt,
988 1423 1032 1471 ne
1067 1395 1201 1471 Atilius
1230 1421 1358 1492 expers

375 1517 506 1616 gloriae
523 1519 617 1606 esset,
634 1517 713 1613 juffi
731 1520 839 1592 ambo
866 1515 1024 1592 consules
1045 1513 1208 1590 adversus
1224 1511 1356 1588 Sidici-

376 1663 440 1712 nos
463 1639 593 1712 ducere
617 1635 825 1712 exercitum.
875 1635 1093 1710 Didatotem
1105 1655 1186 1708 ante
1200 1660 1245 1708 ex
1260 1630 1359 1706 sena-

376 1754 591 1830 tusconsulto
607 1755 834 1831 comitiorum
859 1756 1105 1830 habendorum
1125 1756 1240 1829 cauda
1254 1750 1358 1826 dixe-

376 1896 458 1950 runt
484 1877 530 1950 L.
555 1874 753 1951 Aemilium
770 1873 1047 1948 Mamercinum.
1096 1875 1130 1946 Ie
1147 1871 1358 1971 magistrum

377 1993 541 2093 equitum
568 2000 626 2096 Q
646 1992 845 2070 Publilium
866 1992 1055 2068 Philonem
1077 1991 1182 2067 dixit.
1232 1991 1358 2067 Dicta-

377 2137 451 2190 tore
468 2113 614 2189 comitia
627 2116 791 2201 habente,
825 2111 983 2208 consules
1000 2111 1106 2186 creati
1125 2109 1206 2184 sunt
1221 2113 1269 2186 T.
1283 2113 1358 2184 Ve-

377 2232 503 2321 turius,
529 2235 587 2331 Sp.
606 2231 819 2307 Postumius.
870 2233 943 2304 Etsi
969 2229 1052 2305 betti
1069 2257 1145 2328 pars
1162 2257 1248 2306 curn
1262 2229 1357 2306 Sidi·

376 2351 465 2426 cinis
489 2351 654 2438 restabam
685 2371 817 2439 tamen,
837 2373 880 2424 ut
906 2349 1083 2426 beneficio
1111 2350 1357 2448 praevenirent

377 2469 587 2546 defidetium
614 2469 738 2568 plebis,
774 2472 820 2544 de
851 2470 992 2544 colonia
1016 2471 1228 2545 deducenda
1253 2473 1355 2544 Cales

377 2593 585 2666 retulerunt:
616 2589 781 2687 facioque
794 2587 1101 2678 senatusconsulto,
1134 2610 1176 2664 ut
1185 2591 1261 2663 duo
1273 2589 1355 2664 mil·

376 2709 424 2784 lia
443 2707 630 2810 quingenti
645 2707 807 2782 homines
821 2735 864 2782 eo
880 2708 1125 2798 scriberentur,
1152 2708 1355 2784 triumviros

378 2828 536 2906 coloniae
559 2829 790 2904 deducendae
809 2853 964 2928 agroque
991 2829 1193 2904 dividundo
1217 2855 1354 2904 creave-

377 2971 460 3023 runt
486 2949 531 3023 K.
550 2947 730 3037 Duilium,
764 2949 811 3021 T.
827 2946 1056 3048 Qrindtiunr,
1087 2952 1145 3023 M.
1163 2946 1330 3024 Fabium.

426 3069 545 3144 XVII.
571 3066 669 3142 Novi
685 3066 815 3142 deinde
832 3065 1004 3156 consules,
1020 3095 1042 3142 a
1056 3067 1234 3144 veteribus
1255 3097 1354 3144 exer·
1387 3131 1390 3134 .

378 3186 451 3262 citu
474 3207 630 3286 eccepto,
656 3187 806 3286 ingreffi,
835 3186 991 3261 hostium
1014 3189 1114 3277 fines,
1148 3191 1355 3288 populando

375 3307 490 3406 usque
506 3309 551 3382 ad
567 3305 709 3381 moenia
723 3326 830 3405 atque
846 3310 973 3382 urbem
989 3332 1234 3404 pervenerunt.
1284 3307 1354 3399 Ibi,

377 3426 476 3524 quia,
507 3421 642 3526 ingenti
655 3425 811 3500 exercitu
829 3446 1043 3524 comparato,
1068 3426 1270 3512 Sidicini&
1294 3430 1379 3529 ipfi·

379 3569 444 3643 pro
473 3565 628 3620 extreme
643 3545 700 3644 spe
727 3545 929 3620 dimicaturi
956 3544 1048 3620 enise
1070 3546 1294 3638 videbantur,
1321 3553 1357 3624 dr

376 3665 560 3740 Samnium
577 3664 670 3738 fama
693 3686 765 3740 erat
787 3665 920 3740 conciti
942 3669 990 3740 ad
1016 3670 1170 3758 bellurn,
1201 3668 1354 3744 didtatot

378 3789 424 3861 ab
451 3783 655 3861 consulibus
684 3811 729 3858 ex
757 3785 961 3860 auctoritate
994 3785 1130 3862 senatus
1162 3787 1280 3864 dietus
1312 3793 1353 3864 P.

379 3905 564 3981 Cornelius
584 3906 760 3991 Rufinus,
793 3903 957 4004 magister
977 3907 1143 4006 equitum
1165 3910 1223 3982 M.
1238 3912 1355 3983 Anto·

286 4101 290 4112 ,
379 4024 470 4100 nius.
519 4023 665 4123 Religio
689 4023 820 4100 deinde
837 4023 983 4116 inceffit,
1008 4027 1097 4103 vitio
1118 4054 1178 4104 eos
1204 4048 1351 4104 creatosz
