3067 5342
515 669 552 747 L
579 695 592 741 1
623 693 643 742 s
673 694 694 742 n
723 693 746 742 n
798 667 897 742 VIII.
1109 694 1180 771 279

198 859 299 935 agro,
327 839 361 910 ὅτ
392 839 571 926 Falernus,
605 838 668 937 qui
699 839 823 938 populi
853 837 1024 937 Campani
1053 836 1179 927 fuerat,

198 955 310 1054 usque
331 957 383 1030 ad
395 958 612 1034 Vulturnum
628 960 778 1046 flumen,
809 958 904 1056 plebi
921 962 1105 1032 Romanae
1123 957 1177 1034 di·

193 1075 343 1154 ¹viditur.
393 1076 481 1150 Bina
509 1077 547 1150 in
573 1076 705 1152 Latino
716 1079 853 1176 jugera,
887 1075 936 1151 ita
960 1099 1002 1150 ut
1025 1079 1177 1151 dodran·

200 1219 272 1272 tem
301 1223 346 1270 ex
375 1189 568 1270 Privernati
598 1199 828 1294 complerent,
872 1199 971 1284 data;
1015 1216 1112 1270 terna
1140 1195 1178 1270 in

199 1318 362 1404 Falerno,
388 1317 657 1414 quadrantibus
689 1316 795 1390 etiam
824 1341 888 1413 pro
917 1315 1176 1415 longinquitate

196 1436 349 1531 adjectis.
402 1439 512 1511 Extra
540 1463 690 1534 poenam
716 1435 813 1510 suere
841 1435 1053 1510 Latinorum
1078 1439 1175 1508 Lau-

199 1577 312 1630 rentes
329 1557 663 1654 Campanorumque
681 1556 831 1654 equites,
858 1554 943 1652 quia
966 1581 1039 1628 non
1066 1554 1177 1630 desei-

197 1696 328 1749 verant.
379 1679 475 1750 Cum
501 1674 741 1750 Laurentibus
772 1675 930 1750 renovari
956 1675 1083 1749 foedus
1102 1673 1176 1770 jus-

198 1794 286 1870 sum.
337 1799 616 1893 Renovaturque
639 1823 683 1870 ex
707 1822 749 1870 eo
776 1795 964 1894 quotannis
985 1794 1063 1892 post
1078 1793 1177 1869 diem

196 1915 381 1990 decimum
410 1915 630 1990 Latinarum.
682 1915 877 2013 Equitibus
905 1914 1093 2013 Campanis
1126 1915 1176 1989 ci·

196 2033 284 2110 vitas
308 2036 403 2110 data:
444 2055 747 2133 monumentoque
773 2057 815 2110 ut
836 2039 930 2124 effer,
960 2060 1104 2115 aeneam
1126 2056 1175 2108 ta-

198 2157 320 2230 bulam
337 2154 374 2230 in
398 2157 483 2230 aede
504 2155 653 2229 Castoris
679 2159 818 2230 Romae
844 2155 1009 2230 fixerunt.
1058 2153 1178 2228 vetti-

196 2277 255 2373 gal
271 2300 416 2372 quoque
433 2274 482 2348 eis
500 2277 701 2372 Campanus
725 2278 879 2374 populus
894 2276 1007 2371 jussus
1022 2275 1176 2372 pendere

197 2393 410 2493 inungulos
433 2394 621 2493 quotannis
656 2393 768 2491 (fuere
791 2416 910 2468 autem
926 2394 1024 2469 mille
1050 2399 1084 2468 a
1102 2393 1176 2468 sex·

196 2514 306 2608 conti)
339 2513 500 2588 denarios
524 2539 691 2587 nummos
711 2513 973 2613 quadringenos
999 2514 1174 2613 quinqua-

194 2659 314 2732 genos.

248 2753 333 2828 XII.
360 2753 413 2826 Ita
443 2753 537 2828 bello
567 2753 676 2851 gesto,
710 2753 872 2851 praemiis
897 2777 1082 2852 poenaque
1110 2778 1174 2851 pro

195 2870 365 2970 cujusque
382 2865 508 2946 merito
535 2870 730 2969 persolutis,
761 2875 809 2948 T.
830 2873 991 2946 Manlius
1018 2875 1175 2946 Romam

197 2990 318 3066 rediit:
351 2991 410 3065 cui
434 2990 591 3064 venienti
614 2989 762 3066 seniores
788 3013 927 3066 tantum
943 2989 1087 3067 obviam
1113 3016 1174 3064 ex·

198 3111 256 3184 isse
283 3111 417 3185 constat
424 3143 435 3198 3
463 3111 703 3206 juventutem,
734 3116 768 3184 δι
796 3132 895 3198 tunc,
926 3116 960 3185 δι
987 3108 1086 3184 omni
1102 3108 1175 3184 vita

197 3230 341 3318 deinde,
375 3229 562 3306 aversatam
593 3255 678 3305 eum
704 3229 997 3328 exsecratamque.
1047 3228 1173 3304 Antia·

196 3372 246 3424 tes
273 3349 311 3424 in
342 3375 467 3450 agrum
497 3349 707 3437 Ostiensem,
739 3351 943 3437 Ardeatem,
987 3348 1173 3424 Solonium

196 3469 405 3546 incursiones
425 3467 595 3544 fecerunt.
645 3469 806 3542 Manlius
822 3461 967 3557 consul,
991 3467 1077 3566 quia
1102 3467 1173 3566 ipse

135 3653 137 3656 .
195 3616 257 3688 per
288 3589 529 3664 valetudinem
563 3589 601 3663 id
634 3590 770 3662 bellum
801 3586 943 3687 exsequi
979 3588 1173 3687 nequierat,

195 3709 402 3784 dislatorem
425 3711 472 3782 L.
495 3707 678 3806 Papirium
701 3709 873 3794 Crassum,
907 3707 971 3805 qui
988 3729 1067 3781 tum
1083 3706 1173 3780 forte

195 3850 267 3904 erat
292 3851 439 3928 praetor,
473 3827 583 3902 dixit:
617 3831 661 3902 ab
687 3853 730 3902 eo
756 3827 919 3925 magister
944 3826 1107 3924 equitum
1124 3829 1171 3902 L.

195 3949 355 4048 Papirius
369 3946 498 4024 Cursor
514 3947 641 4022 didus.
691 3945 797 4022 Nihil
811 3944 1038 4020 memorabile
1052 3949 1172 4021 adver-

194 4068 254 4144 sus
276 4068 438 4146 Antiates
464 4073 510 4144 ab
531 4067 702 4144 dislatore
718 4065 857 4166 gestum
884 4065 946 4156 est,
980 4091 1096 4162 quum
1111 4066 1172 4140 ali-
