3067 5342
471 702 816 776 LtuquK
1088 729 1157 803 ῃγ

158 871 281 950 'metu
309 875 541 973 conglobata:
570 900 611 949 ac
639 873 747 950 semet
772 873 882 973 ipsam
916 873 1158 976 turba'impe·

182 993 296 1083 diens,
321 993 360 1068 in
382 993 503 1068 medio
518 991 623 1068 caesa
673 996 786 1093 Capta
804 994 959 1070 hostium
975 995 1084 1071 castra
1104 998 1159 1072 di·

180 1137 369 1214 reptaque3
411 1139 566 1211 quorum
589 1115 719 1212 praeda
746 1113 916 1189 onustum
942 1114 1093 1192 militem
1120 1116 1158 1194 in

182 1235 349 1310 Romana
376 1233 484 1308 castra
508 1233 658 1308 diuam
685 1233 838 1322 reducit,
881 1235 1158 1335 haudquaquam

183 1377 256 1430 tam
271 1353 419 1429 vidoria
433 1355 578 1441 laetum,
595 1379 705 1452 quam
718 1355 832 1451 quod,
844 1375 976 1451 praeter
991 1355 1159 1456 exiguam

184 1473 417 1549 delonnatam
434 1471 601 1548 incendio
616 1493 764 1572 partem,
792 1494 905 1548 cetera
920 1494 1042 1550 contra
1063 1474 1160 1575 spem

182 1593 272 1673 salva
294 1593 440 1670 invenit.

231 1717 371 1792 XXIV.
389 1716 451 1790 Ad
467 1717 587 1790 Soram
605 1712 689 1788 inde
704 1712 879 1803 reditum3
903 1714 1060 1814 novique
1073 1744 1158 1796 con·

184 1834 274 1911 sules
313 1837 372 1910 Μ.
399 1834 591 1924 Poetelius,
619 1835 662 1908 C.
688 1833 864 1932 Sulpicius
893 1835 1089 1912 exercitum
1115 1842 1161 1916 ab

184 1955 354 2034 dictatore
381 1954 494 2030 Fabio
521 1953 715 2052 accipiunt,
741 1980 870 2054 magna
885 1975 980 2053 parte
1001 1979 1161 2035 veterum

186 2076 344 2154 militum
360 2075 511 2164 dimiffa,
540 2074 709 2173 novisque
726 2075 931 2152 cohortibus
958 2075 996 2152 in
1025 2075 1162 2178 supple·

184 2218 348 2274 mentum
363 2194 537 2272 addudis.
582 2197 764 2283 Ceterum,
779 2220 893 2294 quum
908 2217 1050 2295 propter
1066 2197 1157 2274 diffi-

184 2316 291 2393 cilem
307 2317 406 2394 urbis
421 2319 526 2392 litum
542 2341 608 2392 nec
624 2315 859 2413 obpugnandi
869 2314 947 2392 satis
962 2339 1055 2392 certa
1071 2319 1159 2395 ratio

185 2436 344 2526 iniretur,
373 2442 407 2512 ἃ
432 2457 496 2512 aut
520 2455 678 2534 ternpore
690 2433 900 2534 longinqua,
919 2457 981 2512 aut
996 2464 1161 2539 praeceps

185 2556 345 2656 periculo
368 2554 634 2644 victoriacum
660 2557 810 2630 Soranus
842 2555 1032 2656 transfuga,
1068 2561 1158 2638 clam

186 2705 233 2754 cx
254 2677 391 2777 oppido
413 2676 602 2778 profectus,
627 2695 741 2774 quum
768 2676 813 2750 ad
830 2672 954 2774 vigiles
977 2677 1160 2754 Romanos

187 2799 404 2896 penetraffet,
426 2796 512 2871 duci
528 2796 562 2871 se
587 2797 765 2893 extemplo
794 2796 840 2870 ad
868 2792 1026 2871 consules
1042 2797 1161 2894 jubet,

186 2916 430 3018 deductusque
455 2916 667 2992 uaditurum
681 2918 808 2990 urbem
824 2915 1009 3014 promittit
1059 2918 1162 2994 Visus

188 3037 272 3114 iude
301 3045 445 3138 (quum,
462 3061 620 3137 quonam
637 3036 747 3110 modo
763 3035 803 3108 id
822 3035 1049 3135 praestaturus
1066 3041 1160 3128 effer,

189 3162 456 3257 percunctantes
480 3157 638 3250 doceret)
671 3157 768 3229 haud
794 3181 883 3229 vane
911 3155 1057 3245 adferre,
1084 3185 1162 3255 per.

190 3277 294 3375 pulit,
322 3303 432 3376 prope
456 3278 620 3373 adjuncla
646 3274 834 3350 moenibus
863 3277 1029 3352 Romana
1056 3279 1163 3356 castra

188 3420 231 3474 ut
255 3400 314 3474 sex
339 3397 450 3472 millia
475 3399 520 3474 ab
548 3394 683 3494 oppido
698 3415 974 3470 removerentur:
1004 3396 1092 3488 fore,
1121 3421 1163 3475 ut

189 3517 308 3594 minus
333 3516 487 3592 intentae
508 3514 547 3590 in
570 3513 767 3590 custodiam
786 3513 883 3590 urbis
907 3514 1051 3592 diurnae
1069 3518 1161 3593 stati·

189 3663 273 3712 ones
290 3663 332 3712 ac
348 3639 538 3712 noeturnae
552 3634 694 3734 vigiliae
709 3637 827 3711 effent.
876 3633 951 3734 Ipse
966 3635 1165 3736 insequenti

190 3759 307 3845 nodie,
333 3756 397 3833 sub
429 3755 565 3856 oppido
593 3753 800 3830 filvestribus
833 3754 920 3830 locis
959 3754 1164 3834 cohortibus

190 3878 336 3952 infidere
355 3877 465 3974 juffis,
495 3877 623 3951 decem
638 3873 767 3949 milites
784 3875 937 3954 delectos
963 3873 1082 3950 secum
1102 3903 1165 3976 per

188 3999 297 4074 ardua
318 4023 359 4072 ac
380 4021 490 4096 prope
512 3994 608 4070 invia
628 3992 668 4068 in
691 4020 807 4070 arcem
831 3994 950 4082 ducit3
984 3997 1159 4094 pluribus,

191 4141 300 4218 quam
324 4145 389 4218 pro
415 4141 564 4192 numero
585 4113 755 4202 virorum,
792 4112 976 4190 miffilibus
1011 4115 1088 4192 telis
1120 4145 1163 4195 eo
