3067 5342
475 701 705 774 erun
757 699 839 771 VII.
1069 721 1138 796 223

157 877 247 949 buto
272 901 314 950 ac
342 876 482 950 deleclu
506 873 745 972 superseffum.
796 871 921 946 Tertio
944 892 1038 946 anno
1061 871 1140 968 post

155 995 333 1070 Satricum
350 994 550 1069 restitutum
567 1022 589 1067 a
605 987 753 1082 Volscis,
785 994 843 1066 M.
862 991 1023 1064 Valerius
1052 993 1140 1066 Cor-

154 1140 236 1202 vus,
270 1113 468 1189 secundum
500 1113 735 1189 consultum
763 1114 807 1187 C.
825 1109 984 1186 Poetelio
1011 1109 1138 1198 faetus,

153 1259 274 1332 quum
290 1259 335 1308 ex
352 1233 460 1309 Latio
477 1233 689 1318 nunciatum
704 1236 800 1320 effer,
818 1235 950 1331 legatos
960 1232 1005 1306 ab
1023 1229 1138 1304 Antio

152 1353 344 1450 circumire
376 1356 528 1454 populos
559 1337 773 1428 Latinorum
804 1353 849 1426 ad
881 1349 1137 1425 concitandum

152 1475 316 1568 bellum3
344 1473 550 1573 priusquam
579 1476 660 1572 plus
684 1472 839 1547 hostium
864 1473 974 1558 fieret,
1003 1469 1138 1546 Volscis

152 1591 403 1694 armainserre
421 1594 547 1688 jussus,
572 1595 619 1666 ad
637 1592 812 1668 Satricum
835 1575 992 1666 exercitu
1013 1588 1138 1664 infesto

152 1711 283 1811 pergit.
333 1695 420 1812 Quo
437 1737 553 1809 quum
570 1712 731 1787 Antiates
755 1711 888 1809 aliique
904 1708 1022 1784 Volsci
1040 1734 1137 1809 prae·

109 1886 114 1897 .
152 1831 285 1929 paratis
301 1832 378 1928 jam
408 1853 502 1920 ante,
532 1835 556 1905 fi
584 1830 683 1929 quid.
702 1835 747 1906 ab
777 1833 898 1906 Roma
924 1851 1138 1918 moveretur,

51 1963 55 1971 '
153 1950 273 2050 copiis
288 1949 533 2039 obcurrissent‚
558 1954 656 2026 nulla
671 1977 770 2026 mora
786 1951 877 2025 inter
889 1949 1041 2026 infensos
1059 1951 1138 2026 diu-

154 2070 236 2144 tino
253 2070 340 2144 odio
354 2070 551 2145 dimicandi
569 2070 659 2145 facia
671 2071 732 2144 est.
783 2068 915 2158 Volsci,
933 2068 1083 2145 ferocior
1092 2072 1139 2146 ad

152 2181 416 2278 rebellandum,
434 2174 544 2288 quam
560 2192 606 2264 ad
621 2191 843 2278 bellandum,
861 2215 960 2289 gens,
978 2191 1139 2266 certami-

153 2337 202 2386 ne
228 2308 329 2398 vicli,
353 2309 441 2408 fuga
458 2309 565 2384 effusa
586 2309 708 2384 Satrici
728 2307 871 2383 moenia
887 2329 1025 2408 petunt.
1077 2313 1138 2399 Et,

154 2455 202 2504 ne
219 2427 259 2502 in
272 2427 384 2504 muris
398 2428 548 2528 quidem
564 2428 642 2503 satis
655 2431 756 2503 firma
776 2426 846 2526 spe,
876 2455 992 2526 quum
1010 2419 1140 2506 corona

154 2549 318 2625 militum
334 2547 449 2623 cincta
463 2550 539 2664 jam
554 2547 650 2623 scalis
666 2567 847 2645 caperetur
863 2551 961 2635 urbs,
987 2551 1032 2623 ad
1052 2577 1139 2649 qua-

153 2687 238 2743 tuor
251 2667 363 2742 millia
379 2667 552 2758 militurn,
579 2689 713 2764 praeter
729 2665 1000 2742 multitudinem
1023 2670 1137 2745 inbel-

152 2791 242 2876 lem,
258 2786 328 2862 sese
343 2787 525 2864 dedidete'.
542 2821 545 2826 ·
575 2786 766 2885 Oppidum
781 2785 942 2860 dirutum
957 2808 1065 2885 atque
1084 2790 1138 2863 in-

158 2906 328 2984 censum:
355 2910 402 2982 ab
427 2909 514 2981 aede
531 2897 676 2981 tantum¹
693 2905 822 2980 Matris
845 2908 1009 2980 Matutae
1033 2908 1137 2984 absti·
1241 2947 1242 2950 ¹

155 3053 266 3102 nuere
287 3027 419 3126 ignem.
469 3028 604 3104 Praeda
625 3026 741 3103 omnis
758 3025 865 3103 militi
882 3028 975 3100 data.
1027 3031 1140 3104 Extra

155 3147 323 3244 praedatu
350 3168 503 3245 quatuor
522 3145 635 3224 millia
657 3145 862 3245 deditorum
885 3145 1015 3224 habita
1067 3152 1140 3224 Eos

157 3265 297 3342 vinctos
312 3265 435 3344 consul
452 3288 533 3342 ante
550 3291 695 3341 currum
708 3252 930 3364 triumphans
947 3266 1038 3366 egit:
1055 3297 1140 3344 ven·

158 3385 244 3461 ditis
262 3385 395 3461 deinde
411 3412 578 3486 magnam
595 3383 783 3483 pecuniam
801 3383 839 3466 in
856 3381 1027 3464 aerarium
1040 3392 1139 3465 rede-

157 3505 221 3603 git.
272 3509 376 3595 Sunt,
402 3507 467 3605 qui
484 3509 576 3580 hanc
592 3505 863 3580 multitudinem
881 3507 1058 3605 captivam
1075 3510 1141 3585 ser-

157 3650 287 3700 vorum
304 3624 405 3700 fuiffe
421 3624 594 3700 scribant:
619 3625 730 3724 idque
747 3626 861 3724 magis
874 3627 1057 3704 verisimile
1075 3630 1138 3720 est,

159 3769 271 3841 quam
288 3745 429 3819 deditos
445 3745 599 3821 veniisse.

205 3867 382 3942 XXVIII.
408 3868 490 3940 Hos
517 3864 676 3941 consules
701 3865 811 3941 secuti
828 3865 908 3946 sunt
932 3871 990 3942 M.
1008 3868 1140 3944 Fabius

50 3973 53 3976 ’
161 3982 287 4072 Dorso,
304 3987 376 4060 ser.
393 3984 573 4084 Sulpicius
583 3985 803 4060 Camerinus.
854 3992 1071 4062 Auruncum
1086 3986 1139 4062 in·

161 4103 207 4178 de
237 4107 373 4181 bellum
402 4109 448 4182 ab
481 4103 664 4204 repentina
696 4105 924 4204 populatione
958 4127 1139 4202 coeptum.
