3067 5342
466 741 504 815 L
530 767 543 848 r
574 767 593 814 n
623 767 645 814 u
674 767 696 814 n
749 742 849 816 VIII.
1094 764 1164 838 305

178 911 396 1012 Palaepolim
423 937 484 989 aut
507 915 544 989 in
560 917 704 991 Samnio
732 919 827 1004 effet,
856 919 979 990 smeret
1000 913 1034 988 se
1060 916 1160 989 claffe

179 1031 399 1108 circumvehi
416 1037 461 1109 ad
479 1037 687 1110 Romanum
708 1062 847 1135 agrum,
872 1061 946 1134 non
968 1059 1065 1113 oram
1082 1059 1160 1106 mo-

178 1152 227 1224 do
249 1151 367 1241 maris,
393 1151 453 1228 sed
471 1154 531 1255 ipsr
554 1155 634 1232 urbi
652 1155 855 1255 propinqua
870 1157 948 1228 loca
964 1154 1158 1250 depopula-

178 1291 312 1345 turum.
362 1275 446 1361 Sed,
480 1295 522 1348 ut
555 1273 698 1364 falleret,
726 1277 830 1348 nodie
862 1271 1158 1371 proficiscendum

176 1394 257 1479 effe,
313 1395 565 1492 extemploque
603 1421 707 1469 naves
746 1393 984 1468 deducendas.
1045 1385 1160 1491 'Qlod

177 1536 252 1608 quo
275 1512 447 1587 maturius
464 1516 575 1603 fieret,
609 1515 725 1589 omnis
743 1514 913 1609 juventus
929 1511 1157 1597 Samnitium,

176 1651 310 1728 praeter
339 1633 567 1708 necessarium
599 1635 697 1710 urbis
735 1633 958 1732 praefidium,
992 1634 1039 1705 ad
1074 1630 1157 1704 litus

177 1750 285 1825 miffa,
337 1752 415 1827 Ubi
431 1755 521 1827 dum
537 1755 744 1852 Nymphius
758 1753 797 1826 in
813 1750 966 1827 tenebris
982 1757 1016 1824 &
1034 1749 1155 1824 multi-

177 1870 303 1944 tudine
330 1869 438 1946 semet
465 1872 537 1970 ipsa
570 1872 787 1971 inpediente,
825 1871 947 1946 sedulo
978 1870 1055 1946 aliis
1087 1868 1156 1945 alia

176 1988 326 2087 imperia
354 1994 511 2079 turbans,
555 1992 635 2066 terit
667 2013 806 2092 tempus
819 2025 830 2080 3
879 1990 1075 2078 Charilaus,
1111 2015 1156 2062 ex

175 2113 368 2207 composito
394 2114 441 2184 ab
470 2109 571 2186 sociis
596 2111 634 2184 in
666 2115 793 2187 urbem
824 2134 996 2211 receptus,
1040 2135 1155 2206 quum

176 2226 313 2303 summa
328 2229 426 2304 urbis
450 2232 618 2304 Romano
647 2231 759 2305 milite
787 2231 957 2330 inplefl'et,
987 2230 1064 2304 tolli
1086 2230 1155 2304 cla-

175 2363 312 2420 morem
332 2349 444 2444 jussit:
473 2350 519 2421 ad
545 2375 654 2448 quem
673 2351 814 2439 Graeci,
845 2354 941 2450 figno
966 2371 1111 2448 accepto
1136 2374 1157 2422 a

172 2465 407 2564 principibus,
435 2466 611 2564 quievere.
662 2469 795 2543 Nolani
818 2495 880 2567 per
902 2471 1053 2545 aversam
1078 2497 1156 2568 par·
1200 2540 1205 2552 ,

174 2607 247 2660 tem
261 2586 360 2660 urbis
376 2586 434 2659 via
450 2589 583 2660 Nolam
597 2586 728 2662 ferente
751 2589 939 2688 effugiunt.
989 2589 1154 2662 Samniti-

175 2707 243 2780 bus
261 2706 407 2780 exclufis
424 2709 469 2781 ab
494 2708 597 2794 urbe,
623 2729 665 2780 ut
692 2707 892 2804 expeditior
908 2707 946 2780 in
962 2707 1154 2809 praesentia

172 2823 272 2922 fuga,
304 2825 352 2898 ita
383 2825 533 2913 foedior,
560 2825 747 2925 postquam
773 2827 933 2925 periculo
959 2825 1152 2912 evaserunt,

173 2942 262 3019 visa:
303 2945 438 3043 quippe
472 2943 536 3043 qui
564 2944 726 3032 inermes,
753 2946 850 3019 nulla
872 2971 989 3020 rerum
1014 2944 1153 3019 suarum

173 3089 248 3138 non
276 3064 396 3138 relieta
420 3065 512 3138 inter
531 3064 658 3152 hostes,
682 3063 879 3139 ludibrium
903 3093 976 3140 non
1002 3065 1154 3140 externis

170 3187 295 3272 modo,
338 3183 398 3258 sed
438 3183 546 3258 etiam
581 3183 826 3283 popularibus,
868 3184 1004 3283 spoliati
1046 3205 1152 3282 atque

171 3305 313 3403 'egentes
337 3304 463 3378 domos
481 3303 625 3378 rediere.
675 3305 790 3377 Haud
817 3304 957 3403 ignarus
972 3302 1151 3402 opinionis

169 3422 324 3511 alterius,
357 3449 429 3520 qua
458 3425 543 3498 haec
573 3423 729 3520 proditio
754 3427 799 3498 ab
825 3423 1041 3498 Samnitibus
1062 3422 1153 3498 fado

170 3541 332 3628 truditur,
380 3569 495 3640 quum
526 3543 729 3618 auotoribus
768 3547 838 3618 hoc
876 3544 974 3630 dedi,
1019 3545 1152 3642 quibus

170 3661 315 3760 dignius
331 3661 428 3735 credi
456 3661 518 3750 est,
545 3683 624 3735 tum
640 3662 766 3737 foedus
785 3664 1060 3761 Neapolitanum
1093 3671 1151 3763 (eo

170 3780 268 3854 enim
285 3780 416 3854 deinde
439 3779 577 3854 summa
593 3779 642 3854 rei
661 3779 879 3857 Graecorum
894 3785 1007 3879 venit)
1034 3785 1151 3883 simili-

171 3925 213 3974 us
224 3925 310 3973 vero
321 3899 418 3987 facit,
444 3898 535 3997 ipsos
549 3899 797 3976 inamicitiam
811 3902 944 3977 rediffe.
994 3906 1152 3981 Publilio

170 4017 372 4116 triumphus
387 4021 568 4108 decretus;
600 4023 700 4118 quod
717 4019 795 4095 satis
812 4024 1032 4111 credebatur,
1063 4029 1150 4100 obsr·

170 4137 277 4214 dione
295 4141 450 4215 domitos
473 4141 588 4217 hostes
608 4141 647 4215 in
665 4143 775 4216 fidem
791 4140 932 4217 veniffe.
982 4147 1069 4220 Duo
1086 4151 1151 4222 fin·
1189 4223 1193 4228 ,

637 4262 672 4334 Χ
