3067 5342
477 698 826 774 Lrnaan.
1083 719 1155 798 335

169 868 402 966 praedatores,
416 888 459 945 ut
474 849 573 945 idem
589 869 758 947 omnibus
773 868 887 945 senno
903 869 1051 959 constet,
1071 879 1097 914 “
1108 871 1158 950 le·

169 997 195 1032 “
214 986 339 1087 giones
367 989 581 1066 Samnitium
615 988 654 1068 in
687 989 825 1090 Apulia
853 993 933 1078 effe,
964 990 1159 1068 Luceriam

169 1117 195 1150 “
211 1107 380 1185 omnibus
391 1109 504 1210 copiis
517 1108 791 1187 circumsedere:
812 1137 878 1186 nec
890 1113 1016 1210 procul
1029 1113 1156 1199 abeffe,

170 1240 196 1274 “
215 1228 306 1329 quin
323 1230 360 1307 vi
378 1230 552 1330 capiant.''
596 1234 677 1327 Jarn
695 1230 724 1306 is
740 1229 848 1306 etiam
865 1255 987 1306 rumor
998 1251 1093 1319 ante,
1110 1233 1157 1308 de

81 1413 85 1420 .
166 1349 340 1426 industria
371 1354 549 1452 vulgatus,
589 1372 731 1427 venerat
763 1352 810 1426 ad
842 1352 1048 1439 Romanos,
1095 1349 1157 1426 sed

167 1472 279 1548 fidem
309 1497 438 1547 auxere
464 1469 609 1568 captivi,
640 1469 879 1561 tumaxime,
912 1473 1015 1571 quod
1043 1469 1156 1546 sermo

167 1591 259 1667 inter
287 1618 412 1668 omnes
442 1593 670 1692 congruebat.
736 1593 853 1668 Haud
880 1613 952 1668 erat
984 1591 1155 1682 dubium,

167 1712 259 1812 quin
275 1712 465 1788 Lucerinis
495 1738 601 1810 opem
632 1713 821 1788 Romanus
837 1710 955 1801 ferret,
989 1711 1093 1788 bonis
1113 1739 1156 1788 ac

167 1831 336 1908 fidelibus
351 1829 472 1921 sociis;
506 1834 609 1906 simul
634 1858 678 1905 ne
705 1831 841 1930 Apulia
852 1831 970 1908 omnis
995 1835 1042 1908 ad
1058 1859 1155 1931 prae·

167 1951 302 2028 sentem
318 1947 486 2030 terrorem
503 1954 682 2028 deficeret.
733 1955 787 2026 Ea
808 1953 934 2041 modo,
960 1978 1034 2052 qua
1050 1951 1153 2042 irent,

167 2072 379 2152 consultatio
409 2073 489 2148 fuit.
546 2075 651 2148 Duae
690 2072 736 2146 ad
768 2071 962 2148 Luceriam
995 2071 1155 2150 serebant

165 2194 265 2284 viae,
314 2197 420 2272 altera
457 2212 591 2291 praeter
623 2215 721 2266 oram
751 2189 866 2290 superi
896 2191 1001 2268 maris
1034 2214 1156 2292 patens

150 2335 370 2416 apertaque,
394 2313 467 2402 sed,
485 2333 621 2413 quanto
637 2311 760 2400 tutior,
787 2332 886 2387 tanto
902 2310 973 2388 sere
995 2313 1136 2415 longior
1142 2347 1154 2403 3

163 2437 270 2511 altera
296 2460 361 2534 per
391 2436 558 2510 Furculas
587 2431 770 2509 Caudinas
803 2432 953 2509 brevior.
1002 2433 1074 2510 Sed
1104 2434 1154 2511 ita

166 2577 271 2630 natus
287 2557 387 2631 locus
404 2554 465 2630 est.
501 2556 627 2638 ‚saltus
644 2555 720 2628 duo
736 2551 798 2628 alti
814 2553 953 2654 angusti
974 2557 1155 2655 silvosique

166 2676 261 2766 sunt,
290 2673 475 2752 montibus
504 2674 598 2750 circa
629 2673 810 2774 perpetuis
841 2673 932 2749 inter
965 2673 998 2748 se
1024 2675 1155 2771 junsli.

167 2801 270 2896 Jacet
284 2797 375 2872 inter
388 2823 448 2872 eos
461 2794 539 2872 satis
556 2817 679 2896 patens
692 2794 830 2872 clausus
852 2793 891 2870 in
914 2794 1037 2870 medio
1058 2823 1155 2872 catn-

164 2945 246 3019 pus,
277 2917 448 2994 herbidus
479 2915 714 3016 aquosusque,
747 2943 811 3016 per
843 2942 955 3016 quem
987 2914 1152 2994 medium

165 3039 233 3117 iter
265 3040 326 3116 est.
376 3040 446 3116 Sed
476 3059 571 3126 ante,
600 3063 710 3137 quam
743 3037 864 3113 venias
892 3039 938 3112 ad
968 3062 1067 3126 eum,
1098 3037 1153 3112 in·

165 3161 309 3236 trandae
338 3159 472 3259 primae
503 3157 682 3258 angustiae
712 3157 810 3233 sunt:
846 3163 882 3234 Sc
918 3179 981 3233 aut
1013 3159 1153 3250 eadem,

167 3303 287 3380 quate
306 3278 544 3367 insinuaveris,
576 3301 667 3353 retro
692 3277 751 3353 via
781 3281 989 3377 repetenda,
1023 3299 1099 3368 aut,
1128 3280 1153 3350 si

167 3399 216 3476 ire
233 3426 338 3500 porro
354 3427 490 3500 pergas,
514 3425 576 3498 per
592 3398 703 3475 aliurn
719 3397 845 3474 saltu'm
859 3398 1024 3474 artiorem
1050 3399 1150 3498 inpe-

166 3520 407 3618 ditioremque
424 3520 664 3594 evadendum.
713 3521 756 3594 In
786 3544 872 3594 eum
895 3545 1064 3618 campum
1095 3519 1155 3594 via

166 3640 235 3717 alia
249 3665 313 3740 per
329 3665 452 3716 cavam
468 3663 608 3738 rupem,
636 3638 810 3729 Romani,
833 3638 980 3714 demisso
996 3639 1153 3740 agmine,

167 3787 283 3860 quum
312 3761 359 3836 ad
390 3759 474 3836 alias
490 3759 666 3861 angustias
682 3759 844 3859 protinus
859 3779 1057 3860 pergerent,
1077 3757 1153 3857 sep·

166 3902 219 3956 tas
233 3883 374 3979 dejectu
390 3884 570 3970 arborum,
598 3880 833 3980 saxorumque
859 3877 1061 3980 ingentium
1087 3881 1153 3954 ola

159 4001 339 4100 jacentem
355 4003 489 4077 molem
518 4000 694 4078 invenere.
744 4005 873 4102 Qum
900 3999 995 4076 fraus
1017 3998 1153 4076 hostilis

166 4121 390 4224 adparuisser,
424 4121 635 4223 praesidium
668 4120 777 4198 etiam
815 4119 854 4198 in
894 4119 1036 4199 summo
1064 4119 1152 4198 saltu
