3067 5342
458 740 495 813 L
521 765 535 812 1
566 765 586 812 u
616 763 637 812 x.
666 763 689 812 rt
741 739 841 812 VIII.
1086 745 1156 841 289

170 911 447 1013 magistratuque
474 913 507 986 se
536 911 801 988 abdicaverunt.
851 914 912 1000 Et,
937 911 1025 1010 quia
1048 913 1151 1012 pesti·

169 1032 278 1107 lentia
300 1030 455 1106 insecuta
470 1033 533 1121 est,
552 1035 651 1107 velut
667 1032 834 1107 omnibus
848 1058 891 1106 eo
904 1031 994 1107 vitio
1009 1054 1149 1110 contac-

169 1149 214 1226 tis
224 1150 400 1251 auspiciis,
426 1177 478 1226 res
492 1154 537 1226 ad
550 1152 792 1252 interregnum
802 1151 918 1226 rediit.
968 1157 1030 1228 Ab
1044 1153 1149 1228 inter-

168 1297 278 1370 regno
295 1269 385 1346 inito
414 1297 477 1370 per
493 1271 662 1371 quintum
686 1274 836 1347 demum
861 1272 1073 1370 interregem
1090 1277 1149 1348 M.

169 1390 351 1466 Valerium
378 1393 538 1466 Corvum
565 1391 670 1467 creati
701 1392 860 1468 consules
888 1397 935 1466 A.
963 1391 1149 1467 Cornelius

168 1510 298 1586 iterum
323 1516 358 1585 ὅτ
385 1514 453 1586 Cn.
483 1512 677 1587 Domitius.
726 1511 946 1611 Tranquillis
961 1514 1079 1599 rebus,
1098 1512 1149 1585 fa-

167 1657 227 1706 ma
249 1629 380 1706 Gallici
408 1631 491 1705 belli
509 1659 573 1730 pro
600 1636 759 1708 tumultu
784 1633 909 1722 valuit,
937 1653 980 1706 ut
999 1630 1147 1705 didam-

166 1778 243 1826 rem
271 1751 344 1826 dici
372 1754 533 1849 placeret.
583 1753 712 1828 Didus
729 1757 787 1828 M.
814 1752 974 1851 Papirius
997 1754 1148 1840 Crassus,

168 1877 203 1946 ὅτ
228 1871 392 1972 magister
424 1873 587 1970 equitum
614 1876 653 1948 P.
678 1873 838 1948 Valerius
866 1872 1062 1947 Publicola.
1112 1879 1148 1946 A

168 1991 302 2089 quibus
319 2017 435 2089 quum
462 1995 619 2066 deledus
636 1992 818 2080 intentius,
853 2018 962 2089 quam
986 1991 1147 2066 adversus

167 2110 320 2186 finitima
336 2114 438 2199 bella,
472 2114 670 2201 haberetur,
696 2115 927 2208 exploratores
940 2111 1028 2187 milli
1044 2113 1147 2184 adtu-

168 2234 296 2320 lerunt,
323 2231 444 2331 quieta
470 2231 591 2306 omnia
618 2233 714 2329 apud
741 2233 861 2306 Gallos
885 2235 961 2306 effe.
1011 2230 1147 2305 Samni-

167 2378 233 2426 um
247 2377 394 2450 quoque
404 2352 480 2448 jam
493 2353 641 2426 alterum
652 2377 786 2426 annum
797 2352 927 2426 turbari
946 2351 1046 2426 novis
1062 2379 1147 2426 con·

167 2470 248 2546 filiis
259 2470 458 2568 suspectum
477 2492 559 2544 erat.
611 2474 666 2544 Eo
683 2497 726 2544 ex
740 2485 823 2569 agro
839 2471 999 2546 Sidicino
1013 2471 1147 2546 exerci-

167 2613 224 2664 tus
238 2594 425 2664 Romanus
439 2583 571 2664 nonest
588 2592 774 2665 deductus.
824 2593 990 2665 Ceterum
1010 2591 1147 2666 Samni-

166 2734 217 2786 tes
234 2713 369 2785 bellum
386 2710 580 2784 Alexandri
601 2709 774 2808 Epirensis
788 2709 826 2783 in
845 2713 1012 2782 Lucanos
1028 2709 1145 2797 traxit,

167 2829 231 2930 qui
254 2833 328 2905 duo
350 2829 474 2928 populi
496 2829 658 2904 adversus
688 2855 819 2928 regem,
845 2830 1100 2904 exscenlionem
1126 2857 1147 2902 a

168 2951 290 3026 Paesto
329 2948 531 3037 facientem,
573 2947 676 3048 srgnis
709 2948 856 3023 conlatis
887 2971 1145 3048 pugnaverunt.

169 3074 225 3144 Eo
242 3068 433 3144 certamine
454 3066 609 3166 superior
626 3070 840 3156 Alexander,
874 3069 1048 3144 incertum
1074 3094 1146 3168 qua

167 3191 238 3264 fide
263 3192 435 3277 culturus,
462 3191 485 3262 sr
511 3187 657 3287 perinde
681 3208 795 3262 cetera
810 3191 1052 3286 processrffent,
1086 3217 1145 3287 pa-

167 3335 247 3384 cem
278 3336 363 3384 cum
393 3307 568 3384 Romanis
585 3308 681 3382 fecit.
732 3310 872 3383 Eodem
904 3335 998 3383 anno
1024 3308 1145 3383 census

166 3431 277 3518 aetus,
304 3427 460 3526 novique
479 3428 572 3503 cives
587 3432 693 3502 censr:
718 3429 830 3503 tribus
846 3451 987 3528 propter
1003 3457 1062 3504 eos
1083 3431 1144 3504 ad·

167 3549 260 3624 ditae
284 3548 428 3622 Maecia
452 3553 485 3622 δι
513 3548 666 3644 Scaptia:
693 3547 849 3622 censores
865 3549 1080 3624 addiderunt
1095 3556 1153 3652 Q

166 3667 345 3744 Publilius
378 3667 496 3754 Phile,
529 3670 589 3764 sp.
616 3665 829 3741 Postumius.
878 3670 1035 3742 Romani
1062 3668 1145 3742 faeti

168 3787 352 3876 Acerrani,
378 3790 455 3886 lege
472 3790 517 3861 ab
534 3788 581 3860 L.
612 3783 752 3883 Papirio
778 3807 934 3882 praetore
959 3789 1039 3877 lata,
1073 3813 1175 3886 qua·

166 3907 288 3982 civitas
305 3912 374 3982 fine
402 3905 566 4006 suffragio
593 3905 685 3979 data
735 3907 839 3979 Haec
859 3932 902 3980 eo
928 3933 1022 3982 anno
1045 3907 1145 3982 domi

165 4027 385 4130 militiaeque
396 4027 501 4129 gesta
