<?xml version="1.0" encoding="UTF-8"?>
<!DOCTYPE html PUBLIC "-//W3C//DTD XHTML 1.0 Transitional//EN"
    "http://www.w3.org/TR/xhtml1/DTD/xhtml1-transitional.dtd">
<html xmlns="http://www.w3.org/1999/xhtml" xml:lang="en" lang="en">
 <head>
  <title>
</title>
<meta http-equiv="Content-Type" content="text/html;charset=utf-8" />
  <meta name='ocr-system' content='tesseract 3.04.00' />
  <meta name='ocr-capabilities' content='ocr_page ocr_carea ocr_par ocr_line ocrx_word'/>
</head>
<body>
  <div class='ocr_page' id='page_1' title='image "./tliviipatavinih00homegoog_0144.png"; bbox 0 0 3067 5342; ppageno 0'>
   <div class='ocr_carea' id='block_1_1' title="bbox 376 692 1021 791">
    <p class='ocr_par' dir='ltr' id='par_1_1' title="bbox 376 692 1021 791">
     <span class='ocr_line' id='line_1_1' title="bbox 376 692 1021 791; baseline 0 -24"><span class='ocrx_word' id='word_1_1' title='bbox 376 696 443 791; x_wconf 72' lang='lat'>136</span> <span class='ocrx_word' id='word_1_2' title='bbox 705 692 1021 767; x_wconf 84' lang='lat' dir='ltr'><strong>T.L1v11</strong></span> 
     </span>
    </p>
   </div>
   <div class='ocr_carea' id='block_1_2' title="bbox 375 859 1359 2165">
    <p class='ocr_par' dir='ltr' id='par_1_2' title="bbox 375 859 1359 2165">
     <span class='ocr_line' id='line_1_2' title="bbox 375 859 1350 945; baseline -0.01 -3"><span class='ocrx_word' id='word_1_3' title='bbox 375 865 507 943; x_wconf 86' lang='lat' dir='ltr'>sebant.</span> <span class='ocrx_word' id='word_1_4' title='bbox 557 863 699 941; x_wconf 89' lang='lat' dir='ltr'>Literae</span> <span class='ocrx_word' id='word_1_5' title='bbox 716 870 876 943; x_wconf 85' lang='lat' dir='ltr'>Romam</span> <span class='ocrx_word' id='word_1_6' title='bbox 901 869 947 943; x_wconf 83' lang='lat' dir='ltr'>ad</span> <span class='ocrx_word' id='word_1_7' title='bbox 963 866 1126 945; x_wconf 88' lang='lat' dir='ltr'>senatum</span> <span class='ocrx_word' id='word_1_8' title='bbox 1146 888 1232 938; x_wconf 91' lang='lat' dir='ltr'>cum</span> <span class='ocrx_word' id='word_1_9' title='bbox 1247 859 1350 935; x_wconf 75' lang='lat' dir='ltr'>rislo·</span> 
     </span>
     <span class='ocr_line' id='line_1_3' title="bbox 375 980 1352 1081; baseline -0.002 -20"><span class='ocrx_word' id='word_1_10' title='bbox 375 986 444 1061; x_wconf 90' lang='lat' dir='ltr'>riae</span> <span class='ocrx_word' id='word_1_11' title='bbox 470 985 624 1074; x_wconf 87' lang='lat' dir='ltr'>nunciis,</span> <span class='ocrx_word' id='word_1_12' title='bbox 651 986 800 1062; x_wconf 85' lang='lat' dir='ltr'>acriores</span> <span class='ocrx_word' id='word_1_13' title='bbox 817 987 855 1063; x_wconf 92' lang='lat' dir='ltr'>in</span> <span class='ocrx_word' id='word_1_14' title='bbox 878 987 1161 1073; x_wconf 86' lang='lat' dir='ltr'>Praenestinum,</span> <span class='ocrx_word' id='word_1_15' title='bbox 1196 1008 1301 1081; x_wconf 88' lang='lat' dir='ltr'>quam</span> <span class='ocrx_word' id='word_1_16' title='bbox 1318 980 1352 1059; x_wconf 87' lang='lat' dir='ltr'>iu</span> 
     </span>
     <span class='ocr_line' id='line_1_4' title="bbox 375 1097 1353 1203; baseline -0.005 -25"><span class='ocrx_word' id='word_1_17' title='bbox 375 1106 598 1184; x_wconf 88' lang='lat' dir='ltr'><strong>Veliternum</strong></span> <span class='ocrx_word' id='word_1_18' title='bbox 632 1105 784 1195; x_wconf 89' lang='lat' dir='ltr'>hostem,</span> <span class='ocrx_word' id='word_1_19' title='bbox 811 1107 941 1186; x_wconf 80' lang='lat' dir='ltr'>millae.</span> <span class='ocrx_word' id='word_1_20' title='bbox 991 1110 1118 1203; x_wconf 88' lang='lat' dir='ltr'>Itaque</span> <span class='ocrx_word' id='word_1_21' title='bbox 1142 1129 1189 1179; x_wconf 86' lang='lat' dir='ltr'>ex</span> <span class='ocrx_word' id='word_1_22' title='bbox 1212 1097 1353 1177; x_wconf 88' lang='lat' dir='ltr'>senatus-</span> 
     </span>
     <span class='ocr_line' id='line_1_5' title="bbox 375 1219 1355 1325; baseline -0.012 -21"><span class='ocrx_word' id='word_1_23' title='bbox 375 1223 537 1304; x_wconf 84' lang='lat' dir='ltr'>consulto</span> <span class='ocrx_word' id='word_1_24' title='bbox 552 1227 752 1325; x_wconf 87' lang='lat' dir='ltr'>populique</span> <span class='ocrx_word' id='word_1_25' title='bbox 773 1227 868 1324; x_wconf 87' lang='lat' dir='ltr'>juffu</span> <span class='ocrx_word' id='word_1_26' title='bbox 891 1228 1028 1302; x_wconf 92' lang='lat' dir='ltr'>bellum</span> <span class='ocrx_word' id='word_1_27' title='bbox 1050 1222 1285 1301; x_wconf 89' lang='lat' dir='ltr'>Praenestinis</span> <span class='ocrx_word' id='word_1_28' title='bbox 1306 1219 1355 1293; x_wconf 77' lang='lat' dir='ltr'>in-</span> 
     </span>
     <span class='ocr_line' id='line_1_6' title="bbox 375 1342 1355 1446; baseline -0.013 -21"><span class='ocrx_word' id='word_1_29' title='bbox 375 1344 533 1425; x_wconf 68' lang='lat' dir='ltr'>didum:</span> <span class='ocrx_word' id='word_1_30' title='bbox 562 1346 640 1446; x_wconf 93' lang='lat' dir='ltr'>qui,</span> <span class='ocrx_word' id='word_1_31' title='bbox 670 1346 852 1443; x_wconf 69' lang='lat' dir='ltr'>conjundli</span> <span class='ocrx_word' id='word_1_32' title='bbox 868 1345 1016 1435; x_wconf 86' lang='lat' dir='ltr'><strong>Volscis,</strong></span> <span class='ocrx_word' id='word_1_33' title='bbox 1044 1372 1139 1425; x_wconf 89' lang='lat' dir='ltr'>anno</span> <span class='ocrx_word' id='word_1_34' title='bbox 1158 1342 1355 1440; x_wconf 80' lang='lat' dir='ltr'>insequente</span> 
     </span>
     <span class='ocr_line' id='line_1_7' title="bbox 375 1460 1357 1567; baseline -0.011 -25"><span class='ocrx_word' id='word_1_35' title='bbox 375 1466 564 1555; x_wconf 82' lang='lat' dir='ltr'>Satricum,</span> <span class='ocrx_word' id='word_1_36' title='bbox 596 1466 775 1549; x_wconf 86' lang='lat' dir='ltr'>coloniam</span> <span class='ocrx_word' id='word_1_37' title='bbox 791 1467 915 1567; x_wconf 93' lang='lat' dir='ltr'>populi</span> <span class='ocrx_word' id='word_1_38' title='bbox 933 1466 1092 1543; x_wconf 90' lang='lat' dir='ltr'>Romani</span> <span class='ocrx_word' id='word_1_39' title='bbox 1107 1460 1357 1564; x_wconf 87' lang='lat' dir='ltr'>pertinacitera</span> 
     </span>
     <span class='ocr_line' id='line_1_8' title="bbox 378 1579 1357 1687; baseline -0.014 -22"><span class='ocrx_word' id='word_1_40' title='bbox 378 1588 515 1665; x_wconf 92' lang='lat' dir='ltr'>colonis</span> <span class='ocrx_word' id='word_1_41' title='bbox 544 1585 738 1675; x_wconf 84' lang='lat' dir='ltr'>defensam,</span> <span class='ocrx_word' id='word_1_42' title='bbox 764 1586 801 1661; x_wconf 87' lang='lat' dir='ltr'>vi</span> <span class='ocrx_word' id='word_1_43' title='bbox 828 1608 1092 1687; x_wconf 77' lang='lat' dir='ltr'>expugnarunt.</span> <span class='ocrx_word' id='word_1_44' title='bbox 1127 1584 1304 1681; x_wconf 88' lang='lat' dir='ltr'>foedeque</span> <span class='ocrx_word' id='word_1_45' title='bbox 1323 1579 1357 1652; x_wconf 94' lang='lat' dir='ltr'>in</span> 
     </span>
     <span class='ocr_line' id='line_1_9' title="bbox 378 1700 1358 1809; baseline -0.011 -25"><span class='ocrx_word' id='word_1_46' title='bbox 378 1708 490 1809; x_wconf 90' lang='lat' dir='ltr'>captis</span> <span class='ocrx_word' id='word_1_47' title='bbox 504 1732 692 1783; x_wconf 82' lang='lat' dir='ltr'>exercuere</span> <span class='ocrx_word' id='word_1_48' title='bbox 711 1706 907 1783; x_wconf 72' lang='lat' dir='ltr'>vistoriam.</span> <span class='ocrx_word' id='word_1_49' title='bbox 959 1710 1050 1782; x_wconf 86' lang='lat' dir='ltr'>Eam</span> <span class='ocrx_word' id='word_1_50' title='bbox 1069 1732 1145 1781; x_wconf 89' lang='lat' dir='ltr'>rem</span> <span class='ocrx_word' id='word_1_51' title='bbox 1163 1730 1266 1805; x_wconf 81' lang='lat' dir='ltr'>aegre</span> <span class='ocrx_word' id='word_1_52' title='bbox 1283 1700 1358 1799; x_wconf 86' lang='lat' dir='ltr'>palli</span> 
     </span>
     <span class='ocr_line' id='line_1_10' title="bbox 380 1821 1359 1925; baseline -0.01 -22"><span class='ocrx_word' id='word_1_53' title='bbox 380 1828 553 1916; x_wconf 86' lang='lat' dir='ltr'>Romani,</span> <span class='ocrx_word' id='word_1_54' title='bbox 584 1830 643 1902; x_wconf 91' lang='lat' dir='ltr'>M.</span> <span class='ocrx_word' id='word_1_55' title='bbox 661 1826 813 1901; x_wconf 89' lang='lat' dir='ltr'>Furium</span> <span class='ocrx_word' id='word_1_56' title='bbox 829 1826 1024 1902; x_wconf 88' lang='lat' dir='ltr'>Camillum</span> <span class='ocrx_word' id='word_1_57' title='bbox 1041 1826 1237 1925; x_wconf 91' lang='lat' dir='ltr'>septimum</span> <span class='ocrx_word' id='word_1_58' title='bbox 1254 1821 1359 1897; x_wconf 90' lang='lat' dir='ltr'>tribu·</span> 
     </span>
     <span class='ocr_line' id='line_1_11' title="bbox 380 1942 1359 2046; baseline -0.01 -25"><span class='ocrx_word' id='word_1_59' title='bbox 380 1974 471 2023; x_wconf 94' lang='lat' dir='ltr'>num</span> <span class='ocrx_word' id='word_1_60' title='bbox 487 1946 646 2022; x_wconf 90' lang='lat' dir='ltr'>militum</span> <span class='ocrx_word' id='word_1_61' title='bbox 659 1973 829 2022; x_wconf 86' lang='lat' dir='ltr'>creavere.</span> <span class='ocrx_word' id='word_1_62' title='bbox 878 1946 1009 2023; x_wconf 89' lang='lat' dir='ltr'>Additi</span> <span class='ocrx_word' id='word_1_63' title='bbox 1027 1949 1186 2046; x_wconf 84' lang='lat' dir='ltr'>collegae</span> <span class='ocrx_word' id='word_1_64' title='bbox 1201 1950 1249 2019; x_wconf 89' lang='lat' dir='ltr'>A.</span> <span class='ocrx_word' id='word_1_65' title='bbox 1266 1947 1300 2015; x_wconf 79' lang='grc' dir='ltr'>δι</span> <span class='ocrx_word' id='word_1_66' title='bbox 1317 1942 1359 2013; x_wconf 90' lang='lat' dir='ltr'>L.</span> 
     </span>
     <span class='ocr_line' id='line_1_12' title="bbox 381 2062 1359 2165; baseline -0.012 -22"><span class='ocrx_word' id='word_1_67' title='bbox 381 2068 557 2143; x_wconf 91' lang='lat' dir='ltr'>Postumii</span> <span class='ocrx_word' id='word_1_68' title='bbox 590 2062 835 2165; x_wconf 67' lang='lat' dir='ltr'>Regillenses,</span> <span class='ocrx_word' id='word_1_69' title='bbox 864 2094 905 2143; x_wconf 92' lang='lat' dir='ltr'>ac</span> <span class='ocrx_word' id='word_1_70' title='bbox 936 2070 982 2143; x_wconf 88' lang='lat' dir='ltr'>L.</span> <span class='ocrx_word' id='word_1_71' title='bbox 1014 2067 1159 2155; x_wconf 88' lang='lat' dir='ltr'>Furius,</span> <span class='ocrx_word' id='word_1_72' title='bbox 1201 2090 1285 2140; x_wconf 91' lang='lat' dir='ltr'>cum</span> <span class='ocrx_word' id='word_1_73' title='bbox 1317 2062 1359 2133; x_wconf 92' lang='lat' dir='ltr'>L.</span> 
     </span>
    </p>
   </div>
   <div class='ocr_carea' id='block_1_3' title="bbox 379 2180 1511 2764">
    <p class='ocr_par' dir='ltr' id='par_1_3' title="bbox 379 2169 1511 2764">
     <span class='ocr_line' id='line_1_13' title="bbox 381 2180 1361 2262; baseline -0.004 -1"><span class='ocrx_word' id='word_1_74' title='bbox 381 2188 605 2262; x_wconf 81' lang='lat' dir='ltr'>Lucretio&amp;</span> <span class='ocrx_word' id='word_1_75' title='bbox 634 2188 693 2261; x_wconf 92' lang='grc' dir='ltr'>Μ.</span> <span class='ocrx_word' id='word_1_76' title='bbox 713 2186 827 2262; x_wconf 86' lang='lat' dir='ltr'>Fabio</span> <span class='ocrx_word' id='word_1_77' title='bbox 854 2186 1045 2262; x_wconf 86' lang='lat' dir='ltr'>Ambusto.</span> <span class='ocrx_word' id='word_1_78' title='bbox 1096 2185 1270 2261; x_wconf 90' lang='lat' dir='ltr'>Volscum</span> <span class='ocrx_word' id='word_1_79' title='bbox 1293 2180 1361 2257; x_wconf 80' lang='lat' dir='ltr'>bel·</span> 
     </span>
     <span class='ocr_line' id='line_1_14' title="bbox 380 2301 1360 2397; baseline -0.004 -17"><span class='ocrx_word' id='word_1_80' title='bbox 380 2308 457 2380; x_wconf 92' lang='lat' dir='ltr'>lum</span> <span class='ocrx_word' id='word_1_81' title='bbox 476 2310 535 2379; x_wconf 90' lang='lat' dir='ltr'>M.</span> <span class='ocrx_word' id='word_1_82' title='bbox 554 2305 664 2379; x_wconf 88' lang='lat' dir='ltr'>Furio</span> <span class='ocrx_word' id='word_1_83' title='bbox 686 2328 785 2379; x_wconf 84' lang='lat' dir='ltr'>extra</span> <span class='ocrx_word' id='word_1_84' title='bbox 810 2306 975 2383; x_wconf 89' lang='lat' dir='ltr'>ordinem</span> <span class='ocrx_word' id='word_1_85' title='bbox 1002 2308 1202 2383; x_wconf 86' lang='lat' dir='ltr'>decretum.</span> <span class='ocrx_word' id='word_1_86' title='bbox 1253 2301 1360 2397; x_wconf 84' lang='lat' dir='ltr'>Adju-</span> 
     </span>
     <span class='ocr_line' id='line_1_15' title="bbox 379 2423 1509 2514; baseline -0.004 -15"><span class='ocrx_word' id='word_1_87' title='bbox 379 2448 435 2501; x_wconf 90' lang='lat' dir='ltr'>tor</span> <span class='ocrx_word' id='word_1_88' title='bbox 449 2452 495 2499; x_wconf 85' lang='lat' dir='ltr'>ex</span> <span class='ocrx_word' id='word_1_89' title='bbox 512 2424 665 2499; x_wconf 89' lang='lat' dir='ltr'>tribunis</span> <span class='ocrx_word' id='word_1_90' title='bbox 679 2423 767 2501; x_wconf 90' lang='lat' dir='ltr'>sorte</span> <span class='ocrx_word' id='word_1_91' title='bbox 786 2428 831 2500; x_wconf 77' lang='lat' dir='ltr'>t.</span> <span class='ocrx_word' id='word_1_92' title='bbox 851 2426 980 2501; x_wconf 90' lang='lat' dir='ltr'>Furius</span> <span class='ocrx_word' id='word_1_93' title='bbox 996 2429 1119 2514; x_wconf 78' lang='lat' dir='ltr'>datur,</span> <span class='ocrx_word' id='word_1_94' title='bbox 1157 2452 1232 2501; x_wconf 91' lang='lat' dir='ltr'>non</span> <span class='ocrx_word' id='word_1_95' title='bbox 1258 2444 1360 2499; x_wconf 87' lang='lat' dir='ltr'>tame</span> <span class='ocrx_word' id='word_1_96' title='bbox 1508 2454 1509 2475; x_wconf 55' lang='lat'>¹</span> 
     </span>
     <span class='ocr_line' id='line_1_16' title="bbox 380 2544 1510 2646; baseline -0.009 -24"><span class='ocrx_word' id='word_1_97' title='bbox 380 2544 576 2644; x_wconf 86' lang='lat' dir='ltr'>republica,</span> <span class='ocrx_word' id='word_1_98' title='bbox 610 2549 721 2643; x_wconf 81' lang='lat' dir='ltr'>quam</span> <span class='ocrx_word' id='word_1_99' title='bbox 743 2567 785 2620; x_wconf 92' lang='lat' dir='ltr'>ut</span> <span class='ocrx_word' id='word_1_100' title='bbox 809 2547 963 2646; x_wconf 85' lang='lat' dir='ltr'>collegae</span> <span class='ocrx_word' id='word_1_101' title='bbox 990 2546 1136 2624; x_wconf 92' lang='lat' dir='ltr'>materia</span> <span class='ocrx_word' id='word_1_102' title='bbox 1159 2545 1206 2623; x_wconf 86' lang='lat' dir='ltr'>ad</span> <span class='ocrx_word' id='word_1_103' title='bbox 1223 2566 1361 2619; x_wconf 89' lang='lat' dir='ltr'>omnem</span> <span class='ocrx_word' id='word_1_104' title='bbox 1509 2551 1510 2563; x_wconf 61' lang='lat'>¹</span> 
     </span>
     <span class='ocr_line' id='line_1_17' title="bbox 380 2654 1511 2764; baseline -0.01 -23"><span class='ocrx_word' id='word_1_105' title='bbox 380 2668 526 2741; x_wconf 90' lang='lat' dir='ltr'>laudem</span> <span class='ocrx_word' id='word_1_106' title='bbox 552 2659 653 2753; x_wconf 55' lang='lat' dir='ltr'>effeti</span> <span class='ocrx_word' id='word_1_107' title='bbox 685 2670 721 2740; x_wconf 73' lang='grc' dir='ltr'>δι</span> <span class='ocrx_word' id='word_1_108' title='bbox 748 2665 906 2763; x_wconf 89' lang='lat' dir='ltr'>publice,</span> <span class='ocrx_word' id='word_1_109' title='bbox 940 2669 1043 2764; x_wconf 93' lang='lat' dir='ltr'>quod</span> <span class='ocrx_word' id='word_1_110' title='bbox 1068 2694 1144 2741; x_wconf 91' lang='lat' dir='ltr'>rern</span> <span class='ocrx_word' id='word_1_111' title='bbox 1173 2662 1361 2741; x_wconf 87' lang='lat' dir='ltr'>temeritate</span> <span class='ocrx_word' id='word_1_112' title='bbox 1510 2654 1511 2657; x_wconf 48' lang='lat'>&#39;</span> 
     </span>
    </p>
   </div>
   <div class='ocr_carea' id='block_1_4' title="bbox 384 2784 1366 4213">
    <p class='ocr_par' dir='ltr' id='par_1_4' title="bbox 384 2784 1366 4213">
     <span class='ocr_line' id='line_1_18' title="bbox 384 2784 1362 2889; baseline -0.011 -27"><span class='ocrx_word' id='word_1_113' title='bbox 384 2787 459 2884; x_wconf 88' lang='lat' dir='ltr'>ejus</span> <span class='ocrx_word' id='word_1_114' title='bbox 488 2785 685 2889; x_wconf 79' lang='lat' dir='ltr'>prolapsam</span> <span class='ocrx_word' id='word_1_115' title='bbox 714 2784 884 2872; x_wconf 84' lang='lat' dir='ltr'>restituit;</span> <span class='ocrx_word' id='word_1_116' title='bbox 918 2790 952 2861; x_wconf 69' lang='lat' dir='ltr'>a</span> <span class='ocrx_word' id='word_1_117' title='bbox 980 2785 1161 2883; x_wconf 85' lang='lat' dir='ltr'>privatim,</span> <span class='ocrx_word' id='word_1_118' title='bbox 1194 2784 1293 2885; x_wconf 92' lang='lat' dir='ltr'>quod</span> <span class='ocrx_word' id='word_1_119' title='bbox 1321 2803 1362 2853; x_wconf 85' lang='lat' dir='ltr'>ex</span> 
     </span>
     <span class='ocr_line' id='line_1_19' title="bbox 384 2901 1363 3007; baseline -0.01 -24"><span class='ocrx_word' id='word_1_120' title='bbox 384 2934 498 2983; x_wconf 89' lang='lat' dir='ltr'>errore</span> <span class='ocrx_word' id='word_1_121' title='bbox 521 2906 669 3007; x_wconf 75' lang='lat' dir='ltr'>gratiam</span> <span class='ocrx_word' id='word_1_122' title='bbox 695 2906 815 3004; x_wconf 90' lang='lat' dir='ltr'>potius</span> <span class='ocrx_word' id='word_1_123' title='bbox 838 2907 912 3003; x_wconf 86' lang='lat' dir='ltr'>ejus</span> <span class='ocrx_word' id='word_1_124' title='bbox 934 2905 1011 2994; x_wconf 88' lang='lat' dir='ltr'>fibi,</span> <span class='ocrx_word' id='word_1_125' title='bbox 1045 2932 1156 3005; x_wconf 88' lang='lat' dir='ltr'>quarn</span> <span class='ocrx_word' id='word_1_126' title='bbox 1174 2907 1273 2982; x_wconf 89' lang='lat' dir='ltr'>suam</span> <span class='ocrx_word' id='word_1_127' title='bbox 1294 2901 1363 3001; x_wconf 90' lang='lat' dir='ltr'>glo·</span> 
     </span>
     <span class='ocr_line' id='line_1_20' title="bbox 385 3024 1362 3131; baseline -0.009 -29"><span class='ocrx_word' id='word_1_128' title='bbox 385 3028 489 3116; x_wconf 86' lang='lat' dir='ltr'>riam,</span> <span class='ocrx_word' id='word_1_129' title='bbox 515 3024 634 3131; x_wconf 21' lang='lat' dir='ltr'>petiit..</span> <span class='ocrx_word' id='word_1_130' title='bbox 681 3030 835 3103; x_wconf 73' lang='lat' dir='ltr'>Exauae</span> <span class='ocrx_word' id='word_1_131' title='bbox 847 3026 922 3123; x_wconf 89' lang='lat' dir='ltr'>jam</span> <span class='ocrx_word' id='word_1_132' title='bbox 948 3025 1068 3101; x_wconf 89' lang='lat' dir='ltr'>aetatis</span> <span class='ocrx_word' id='word_1_133' title='bbox 1092 3026 1268 3103; x_wconf 81' lang='lat' dir='ltr'>Camillus</span> <span class='ocrx_word' id='word_1_134' title='bbox 1284 3041 1362 3108; x_wconf 92' lang='lat' dir='ltr'>erat,</span> 
     </span>
     <span class='ocr_line' id='line_1_21' title="bbox 386 3146 1363 3247; baseline -0.007 -23"><span class='ocrx_word' id='word_1_135' title='bbox 386 3146 612 3247; x_wconf 88' lang='lat' dir='ltr'>comitiisque</span> <span class='ocrx_word' id='word_1_136' title='bbox 623 3149 741 3245; x_wconf 90' lang='lat' dir='ltr'>jurare</span> <span class='ocrx_word' id='word_1_137' title='bbox 757 3167 878 3244; x_wconf 91' lang='lat' dir='ltr'>parato</span> <span class='ocrx_word' id='word_1_138' title='bbox 897 3146 936 3220; x_wconf 94' lang='lat' dir='ltr'>in</span> <span class='ocrx_word' id='word_1_139' title='bbox 950 3149 1057 3221; x_wconf 90' lang='lat' dir='ltr'>verba</span> <span class='ocrx_word' id='word_1_140' title='bbox 1072 3148 1294 3222; x_wconf 84' lang='lat' dir='ltr'>excusandae</span> <span class='ocrx_word' id='word_1_141' title='bbox 1310 3166 1363 3217; x_wconf 83' lang='lat' dir='ltr'>va·</span> 
     </span>
     <span class='ocr_line' id='line_1_22' title="bbox 387 3264 1363 3366; baseline -0.009 -24"><span class='ocrx_word' id='word_1_142' title='bbox 387 3268 541 3343; x_wconf 90' lang='lat' dir='ltr'>letudini</span> <span class='ocrx_word' id='word_1_143' title='bbox 558 3265 657 3341; x_wconf 83' lang='lat' dir='ltr'>solita</span> <span class='ocrx_word' id='word_1_144' title='bbox 672 3265 858 3341; x_wconf 91' lang='lat' dir='ltr'>consensus</span> <span class='ocrx_word' id='word_1_145' title='bbox 874 3264 1000 3366; x_wconf 87' lang='lat' dir='ltr'>populi</span> <span class='ocrx_word' id='word_1_146' title='bbox 1024 3265 1208 3343; x_wconf 83' lang='lat' dir='ltr'>restiterat:</span> <span class='ocrx_word' id='word_1_147' title='bbox 1236 3265 1295 3341; x_wconf 88' lang='lat' dir='ltr'>scd</span> <span class='ocrx_word' id='word_1_148' title='bbox 1309 3286 1363 3335; x_wconf 85' lang='lat' dir='ltr'>ve·</span> 
     </span>
     <span class='ocr_line' id='line_1_23' title="bbox 387 3379 1364 3489; baseline -0.008 -28"><span class='ocrx_word' id='word_1_149' title='bbox 387 3410 513 3487; x_wconf 90' lang='lat' dir='ltr'>getum</span> <span class='ocrx_word' id='word_1_150' title='bbox 528 3386 715 3485; x_wconf 89' lang='lat' dir='ltr'>ingenium</span> <span class='ocrx_word' id='word_1_151' title='bbox 730 3379 768 3460; x_wconf 91' lang='lat' dir='ltr'>in</span> <span class='ocrx_word' id='word_1_152' title='bbox 791 3384 913 3461; x_wconf 89' lang='lat' dir='ltr'>vivido</span> <span class='ocrx_word' id='word_1_153' title='bbox 939 3388 1080 3487; x_wconf 65' lang='lat' dir='ltr'>pedore</span> <span class='ocrx_word' id='word_1_154' title='bbox 1096 3386 1255 3489; x_wconf 83' lang='lat' dir='ltr'>vigebat,</span> <span class='ocrx_word' id='word_1_155' title='bbox 1280 3382 1364 3457; x_wconf 92' lang='lat' dir='ltr'>vire·</span> 
     </span>
     <span class='ocr_line' id='line_1_24' title="bbox 387 3498 1366 3606; baseline -0.009 -23"><span class='ocrx_word' id='word_1_156' title='bbox 387 3512 522 3606; x_wconf 87' lang='lat' dir='ltr'>batque</span> <span class='ocrx_word' id='word_1_157' title='bbox 545 3505 690 3604; x_wconf 87' lang='lat' dir='ltr'>integris</span> <span class='ocrx_word' id='word_1_158' title='bbox 710 3504 875 3596; x_wconf 82' lang='lat' dir='ltr'>sensibus,</span> <span class='ocrx_word' id='word_1_159' title='bbox 910 3511 943 3583; x_wconf 76' lang='grc' dir='ltr'>δι</span> <span class='ocrx_word' id='word_1_160' title='bbox 966 3506 1087 3583; x_wconf 89' lang='lat' dir='ltr'>civiles</span> <span class='ocrx_word' id='word_1_161' title='bbox 1110 3508 1186 3605; x_wconf 93' lang='lat' dir='ltr'>jam</span> <span class='ocrx_word' id='word_1_162' title='bbox 1206 3534 1259 3585; x_wconf 89' lang='lat' dir='ltr'>res</span> <span class='ocrx_word' id='word_1_163' title='bbox 1274 3498 1366 3580; x_wconf 90' lang='lat' dir='ltr'>haud</span> 
     </span>
     <span class='ocr_line' id='line_1_25' title="bbox 390 3628 1364 3729; baseline -0.008 -24"><span class='ocrx_word' id='word_1_164' title='bbox 390 3652 605 3727; x_wconf 86' lang='lat' dir='ltr'>magnopere</span> <span class='ocrx_word' id='word_1_165' title='bbox 629 3628 825 3701; x_wconf 89' lang='lat' dir='ltr'>obeuntem</span> <span class='ocrx_word' id='word_1_166' title='bbox 852 3628 945 3703; x_wconf 89' lang='lat' dir='ltr'>bella</span> <span class='ocrx_word' id='word_1_167' title='bbox 966 3628 1179 3706; x_wconf 88' lang='lat' dir='ltr'>excitabant.</span> <span class='ocrx_word' id='word_1_168' title='bbox 1204 3712 1209 3719; x_wconf 50' lang='grc'><em>,</em></span> <span class='ocrx_word' id='word_1_169' title='bbox 1232 3634 1364 3729; x_wconf 84' lang='lat' dir='ltr'>Qratu·</span> 
     </span>
     <span class='ocr_line' id='line_1_26' title="bbox 390 3747 1363 3849; baseline -0.01 -24"><span class='ocrx_word' id='word_1_170' title='bbox 390 3776 432 3827; x_wconf 89' lang='lat' dir='ltr'>or</span> <span class='ocrx_word' id='word_1_171' title='bbox 452 3747 654 3848; x_wconf 89' lang='lat' dir='ltr'>legionibus</span> <span class='ocrx_word' id='word_1_172' title='bbox 684 3750 897 3847; x_wconf 75' lang='lat' dir='ltr'>quaternum</span> <span class='ocrx_word' id='word_1_173' title='bbox 919 3747 1075 3824; x_wconf 90' lang='lat' dir='ltr'>millium</span> <span class='ocrx_word' id='word_1_174' title='bbox 1099 3748 1248 3849; x_wconf 88' lang='lat' dir='ltr'>scriptis,</span> <span class='ocrx_word' id='word_1_175' title='bbox 1273 3766 1363 3820; x_wconf 84' lang='lat' dir='ltr'>exer·</span> 
     </span>
     <span class='ocr_line' id='line_1_27' title="bbox 389 3866 1365 3971; baseline -0.012 -22"><span class='ocrx_word' id='word_1_176' title='bbox 389 3872 466 3949; x_wconf 89' lang='lat' dir='ltr'>citu</span> <span class='ocrx_word' id='word_1_177' title='bbox 488 3868 626 3947; x_wconf 66' lang='lat' dir='ltr'>indisso</span> <span class='ocrx_word' id='word_1_178' title='bbox 649 3870 695 3943; x_wconf 88' lang='lat' dir='ltr'>ad</span> <span class='ocrx_word' id='word_1_179' title='bbox 721 3888 861 3966; x_wconf 85' lang='lat' dir='ltr'>portam</span> <span class='ocrx_word' id='word_1_180' title='bbox 885 3866 1108 3968; x_wconf 89' lang='lat' dir='ltr'>Esquilinam</span> <span class='ocrx_word' id='word_1_181' title='bbox 1132 3869 1169 3945; x_wconf 91' lang='lat' dir='ltr'>in</span> <span class='ocrx_word' id='word_1_182' title='bbox 1192 3870 1365 3971; x_wconf 88' lang='lat' dir='ltr'>postemm</span> 
     </span>
     <span class='ocr_line' id='line_1_28' title="bbox 390 3987 1364 4089; baseline -0.003 -22"><span class='ocrx_word' id='word_1_183' title='bbox 390 3992 502 4080; x_wconf 89' lang='lat' dir='ltr'>diem,</span> <span class='ocrx_word' id='word_1_184' title='bbox 532 3992 577 4074; x_wconf 89' lang='lat' dir='ltr'>ad</span> <span class='ocrx_word' id='word_1_185' title='bbox 607 3987 782 4065; x_wconf 87' lang='lat' dir='ltr'>Satricum</span> <span class='ocrx_word' id='word_1_186' title='bbox 804 3988 993 4089; x_wconf 64' lang='lat' dir='ltr'>professus.</span> <span class='ocrx_word' id='word_1_187' title='bbox 1043 3992 1098 4066; x_wconf 91' lang='lat' dir='ltr'>Ibi</span> <span class='ocrx_word' id='word_1_188' title='bbox 1124 4019 1208 4068; x_wconf 92' lang='lat' dir='ltr'>eum</span> <span class='ocrx_word' id='word_1_189' title='bbox 1235 4010 1364 4087; x_wconf 81' lang='lat' dir='ltr'>expug-</span> 
     </span>
     <span class='ocr_line' id='line_1_29' title="bbox 390 4109 1364 4213; baseline -0.008 -26"><span class='ocrx_word' id='word_1_190' title='bbox 390 4133 528 4187; x_wconf 90' lang='lat' dir='ltr'>natores</span> <span class='ocrx_word' id='word_1_191' title='bbox 550 4109 709 4187; x_wconf 88' lang='lat' dir='ltr'>coloniae</span> <span class='ocrx_word' id='word_1_192' title='bbox 735 4111 1017 4212; x_wconf 89' lang='lat' dir='ltr'>haudquaquam</span> <span class='ocrx_word' id='word_1_193' title='bbox 1036 4116 1198 4213; x_wconf 89' lang='lat' dir='ltr'>perculfi,</span> <span class='ocrx_word' id='word_1_194' title='bbox 1224 4111 1364 4187; x_wconf 83' lang='lat' dir='ltr'>fidentes</span> 
     </span>
    </p>
   </div>
   <div class='ocr_carea' id='block_1_5' title="bbox 0 0 1558 5332">
    <p class='ocr_par' dir='ltr' id='par_1_5' title="bbox 0 0 1558 5332">
     <span class='ocr_line' id='line_1_30' title="bbox 0 0 1558 5332; baseline 0 0"><span class='ocrx_word' id='word_1_195' title='bbox 0 0 1558 5332; x_wconf 95' lang='lat' dir='ltr'> </span> 
     </span>
    </p>
   </div>
  </div>
 </body>
</html>
