3067 5342
366 636 434 711 152
694 612 1010 686 T.L1v11

364 787 412 860 L.
441 788 476 859 sc
502 786 545 859 C.
563 782 756 884 Quinctios
772 784 1015 860 Cincinnatos.
1065 781 1218 857 lisdem
1245 776 1382 875 opibus

365 904 567 991 obtinuere,
596 926 639 978 ut
665 904 828 979 adversus
854 904 1004 980 Latinos
1026 900 1279 1001 Volscosque,
1313 896 1378 996 qui

365 1021 564 1120 conjunstis
592 1023 795 1123 legionibus
832 1027 878 1099 ad
904 1025 1078 1101 Satricum
1111 1022 1236 1099 castra
1270 1022 1411 1116 habe-¹

365 1146 463 1232 bant,
493 1144 593 1216 nullo
611 1142 816 1242 inpediente
833 1146 1002 1222 omnibus
1023 1142 1249 1242 junioribus
1267 1138 1378 1214 sacra-

364 1284 488 1337 mento
517 1262 662 1353 adadis,
694 1286 762 1338 tres
785 1264 959 1341 exercitus
990 1264 1217 1341 scriberent:
1256 1285 1378 1333 unum

365 1384 412 1457 ad
434 1382 646 1484 praesidium
672 1384 791 1473 urbis3
825 1387 990 1473 alterum,
1021 1385 1099 1484 qui,
1136 1388 1162 1457 li
1194 1382 1266 1482 qui
1289 1376 1376 1454 alibi

364 1525 484 1577 motus
517 1502 709 1593 exstitisset,
753 1507 801 1580 ad
833 1503 947 1580 subita
980 1504 1064 1581 belli
1090 1502 1198 1578 mitti
1237 1502 1374 1599 posset;

365 1623 510 1699 tertium
532 1626 640 1724 longe
663 1624 916 1700 validilsrmum
930 1628 970 1699 P.
989 1624 1154 1699 Valerius
1175 1628 1214 1697 δι
1231 1624 1282 1695 L.
1302 1624 1375 1693 Ae-

366 1743 488 1819 milius
517 1745 565 1819 ad
596 1743 772 1820 Satricum
802 1747 953 1819 duxere:
985 1744 1049 1820 ubi
1083 1770 1214 1842 quum
1251 1739 1373 1814 aciem

364 1864 572 1939 instruslam
602 1863 758 1938 hostium
789 1867 869 1939 loco
894 1886 1010 1964 aequo
1037 1864 1277 1948 invenissent,
1309 1884 1372 1931 ex·

367 1987 503 2084 templo
531 2006 748 2084 pugnatum:
777 1990 824 2074 dr,
855 2006 896 2059 ut
922 1986 1087 2059 nondum
1111 1984 1199 2059 satis
1238 1982 1371 2055 claram

365 2102 564 2192 vidoriam,
594 2106 639 2179 sic
666 2103 847 2202 prosperae
876 2104 947 2204 spei
971 2130 1131 2204 pugnam
1157 2103 1287 2177 imber
1315 2098 1370 2172 in·

366 2222 534 2321 gentibus
550 2223 712 2319 procellis
732 2222 828 2299 fusus
844 2224 999 2301 diremit.
1050 2224 1200 2300 Postero
1218 2214 1282 2295 die
1302 2219 1366 2292 ite*

366 2360 438 2415 rata
457 2366 596 2439 pugna:
624 2342 896 2442 &aliquamdiu
920 2372 1033 2444 aequa
1048 2344 1182 2420 virtute
1202 2342 1367 2418 fortuna·

368 2485 439 2559 que
469 2458 620 2534 Latinae
659 2462 815 2537 maxime
843 2465 1013 2564 legiones,
1056 2467 1166 2564 longa
1194 2461 1365 2539 societate

366 2579 532 2655 militiam
560 2582 766 2657 Romanam
792 2585 951 2674 edoslae,
983 2585 1167 2660 restabant.
1237 2584 1362 2679 Eques

369 2698 527 2775 imnissus
561 2702 703 2777 ordines
736 2704 916 2793 turbavit,
951 2705 1099 2779 turbatis
1126 2708 1229 2804 signa
1260 2696 1362 2799 pedi·

367 2842 446 2897 tum
480 2820 614 2896 inlata:
661 2847 911 2923 quantumque
950 2828 1117 2900 Romana
1149 2824 1183 2899 se
1221 2816 1360 2897 invexit

367 2941 472 3032 acies,
505 2963 645 3017 tantum
675 2944 791 3018 hostes
820 2945 932 3043 gradu
968 2944 1116 3019 demoti.
1167 2947 1221 3019 Et
1246 2964 1288 3016 ut
1311 2936 1359 3013 se·

368 3064 440 3136 mel
466 3061 650 3138 inclinavit
675 3090 808 3163 pugna,
833 3064 909 3160 jam
932 3062 1161 3138 intolerabilis
1187 3068 1359 3140 Romana

367 3182 421 3257 vis
438 3203 520 3257 erat.
570 3186 651 3257 Fusa
667 3184 781 3258 hostes
799 3210 914 3283 quum
937 3186 1125 3273 Satricum,
1158 3186 1264 3284 quod
1281 3184 1355 3257 duo

367 3304 480 3378 millia
516 3304 601 3377 inde
634 3307 764 3393 aberat,
816 3333 888 3381 non
922 3308 1042 3397 castra,
1087 3328 1262 3406 peterent,
1312 3304 1355 3376 ab

365 3422 527 3521 equitatu
552 3421 711 3497 maxime
727 3430 824 3499 caefi.
874 3427 993 3502 Castra
1009 3450 1111 3526 capta
1130 3427 1352 3525 direptaque.

368 3544 431 3617 Ab
464 3540 597 3616 Satrico
622 3547 739 3632 noste,
791 3570 882 3644 quae
916 3542 1051 3646 proelio
1077 3547 1242 3647 proxima
1271 3540 1350 3626 suit,

367 3661 474 3762 fugae
495 3661 598 3736 simili
630 3663 772 3762 agmine
798 3687 926 3762 petunt
957 3668 1130 3743 Antium:
1170 3674 1205 3742 δι
1235 3686 1353 3767 quum

367 3784 556 3858 Romanus
591 3782 766 3858 exercitus
801 3810 913 3883 prope
950 3788 1106 3889 vestigiis
1137 3786 1349 3887 sequeretur,

366 3905 446 4001 plus
474 3924 592 3978 tamen
624 3902 745 3992 timor,
774 3931 884 4003 quam
910 3904 971 3995 ira,
1000 3907 1184 3983 celeritatis
1214 3901 1348 3983 habuit·

368 4022 472 4098 Prius
487 4023 607 4123 iraque
623 4024 767 4100 moenia
788 4024 956 4101 intravere
980 4027 1108 4117 hostes,
1139 4055 1250 4128 quam
1274 4029 1346 4101 Ro·
