3067 5342
465 685 695 758 Lrnrrt
747 686 829 760 VII.
1108 709 1176 786 235

196 855 382 932 defiluiffet
397 883 444 930 ex
461 883 568 956 equo,
595 869 621 904 “
640 859 851 948 Nostrum,''
874 857 1009 958 inquit,
1036 869 1061 903 “
1079 859 1180 960 pedi·

196 986 222 1020 “
241 995 322 1050 tum
351 974 456 1064 illud,
490 977 637 1068 milites,
667 979 718 1054 est
743 1005 845 1078 opus.
896 979 1111 1080 Agitedum,
1139 1001 1182 1055 ut

196 1107 301 1170 “me
331 1095 504 1185 videritis,
547 1124 777 1197 quacumque
804 1099 972 1174 incessero
1002 1099 1041 1173 in
1067 1099 1181 1176 aciem

196 1227 221 1261 “
240 1215 411 1304 hostium,
438 1216 529 1293 ferro
545 1216 641 1292 viam
661 1216 863 1306 facientem,
889 1222 934 1292 fic
954 1244 1019 1318 pro
1037 1219 1070 1294 se
1087 1219 1182 1318 quis·

197 1347 223 1382 “
242 1363 313 1434 que
340 1336 466 1418 obvios
494 1337 645 1412 sternite.
714 1339 780 1412 Illa
812 1336 946 1427 omnia,
983 1363 1056 1438 qua
1086 1365 1184 1418 nunc

198 1468 224 1502 ‘⁸
243 1459 376 1532 eretiae
408 1457 544 1532 micant
570 1457 699 1546 hastae,
742 1455 914 1555 patefacta
944 1457 1056 1558 strage
1088 1459 1184 1534 vasta

196 1588 223 1620 “
242 1576 426 1651 cernetis.''
474 1580 579 1652 Haec
604 1575 700 1652 dieta
721 1579 878 1666 dederat,
907 1603 1022 1677 quum
1045 1578 1183 1678 equites

194 1697 349 1772 consulis
358 1698 455 1793 juffu
474 1695 676 1771 discurrunt
699 1695 737 1770 in
752 1723 897 1784 cornua,
924 1695 1126 1797 legionibus
1142 1699 1181 1774 in
1251 1761 1254 1768 .

194 1817 354 1892 mediam
371 1816 486 1892 aciem
508 1816 672 1913 aperiunt
693 1816 800 1891 viam.
851 1815 993 1892 Primus
1016 1818 1183 1894 omnium

195 1937 319 2013 consul
333 1936 470 2012 invadit
485 1934 640 2024 hostem3
673 1941 722 2024 δι,
748 1963 834 2012 cum
858 1962 933 2033 quo
950 1935 1040 2012 forte
1053 1961 1181 2014 contu·

194 2057 236 2132 lit
268 2059 434 2156 gradum,
460 2059 660 2132 obtruncat
709 2059 797 2132 Hoc
825 2055 1024 2158 spectaculo
1050 2063 1181 2134 accenfi

195 2180 321 2252 dextra
342 2179 525 2276 laevaque,
559 2198 641 2250 ante
657 2176 691 2251 se
717 2176 880 2276 quisque,
907 2180 1182 2254 memorandum

196 2297 374 2396 proelium
404 2297 511 2372 cient.
561 2300 661 2371 Stant
691 2297 803 2374 obnifi
836 2299 1023 2388 Samnites,
1058 2325 1183 2398 quam-

196 2445 308 2520 quam
337 2420 438 2515 plura
464 2415 659 2516 accipiunt,
686 2443 797 2517 quam
824 2417 994 2506 inferunt,
1025 2423 1182 2498 vulnera.

197 2538 437 2636 Aliquamdiu
460 2539 537 2634 jam
563 2559 765 2636 pugnatum
778 2523 780 2527 ’
794 2558 881 2612 erat:
923 2559 1024 2614 atrox
1060 2544 1184 2618 caedes

195 2657 289 2734 circa
316 2661 413 2757 figna
438 2657 667 2746 Samnitium,
693 2656 778 2757 fuga
807 2661 852 2732 ab
877 2661 1067 2734 nulladum
1086 2683 1182 2758 parte

196 2799 279 2854 erat.
329 2780 437 2852 Adeo
466 2800 580 2853 morte
603 2777 674 2852 sola
694 2776 791 2854 vinci
823 2776 1079 2853 destinaverant
1106 2779 1181 2854 ani-

196 2899 276 2973 mis.
326 2901 452 2997 Itaque
465 2896 637 2986 Romani,
671 2923 787 2995 quum
801 2901 834 2972 δι
848 2899 957 2972 fluere
965 2871 1041 2994 jaim
1057 2901 1183 3004 laffitu-
1274 2951 1276 2956 .

197 3020 282 3095 dine
298 3018 389 3094 vires
406 3018 586 3105 sentirent,
620 3022 654 3092 δι
674 3015 747 3092 diei
766 3019 865 3092 haud
887 3020 1046 3093 multum
1067 3019 1183 3118 super-

198 3141 293 3227 effer,
319 3141 452 3214 accensi
483 3138 533 3214 ira
563 3138 745 3213 concitant
768 3137 802 3212 se
822 3139 861 3213 in
881 3139 1030 3213 hostem.
1081 3141 1183 3216 Tum

172 3308 178 3318 ·
198 3258 356 3359 primum
382 3256 502 3333 referri
522 3260 652 3356 pedem
666 3279 773 3358 atque
797 3257 958 3334 inclinari
976 3285 1052 3333 rem
1068 3257 1106 3334 in
1126 3259 1183 3334 fu-

198 3405 281 3479 gam
306 3377 495 3478 adparuit;
532 3399 611 3453 tum
634 3379 726 3478 capi,
758 3379 877 3454 occidi
903 3377 1051 3454 Samnis.
1102 3382 1183 3456 Nec

198 3498 440 3598 superfuiffent
480 3498 600 3586 multi,
640 3499 678 3574 ni
720 3525 794 3574 nox
834 3499 1018 3575 victoriam
1058 3500 1186 3600 magis,

198 3646 309 3719 quam
335 3619 524 3718 proelium,
565 3617 767 3694 diremiffet
829 3621 878 3695 Et
909 3620 1069 3703 Romani
1099 3620 1186 3696 fate-

201 3744 342 3830 bantur,
374 3765 576 3839 numquam
598 3765 686 3814 cum
712 3737 945 3838 pertinaciore
973 3741 1072 3815 hoste
1099 3767 1184 3815 con·

199 3860 364 3936 flierumz
390 3865 425 3936 St
452 3858 639 3948 Samnites,
670 3883 787 3957 quum
814 3879 1052 3956 quaereretur,
1078 3885 1186 3957 quae·

199 4007 283 4056 narn
308 3979 424 4081 prima
448 3982 564 4054 cauffa
584 4001 658 4054 tam
674 3977 867 4055 obstinatos
888 3979 1050 4054 moviffet
1074 3977 1113 4052 in
1130 3979 1185 4056 fu-

200 4103 307 4200 gam?
346 4102 514 4176 “oculos
545 4099 608 4175 fibi
634 4101 886 4176 Romanorum
912 4099 1032 4174 ardete
1057 4096 1187 4187 vis0s‚''
