3067 5342
472 712 818 785 LruattVI.
1068 716 1130 785 161

153 895 179 929 “
198 882 390 983 quisquam
406 882 485 959 satis
501 907 615 983 putet,
637 888 660 959 fi
676 886 898 984 plebejorum
916 882 1004 960 ratio
1021 882 1134 958 comi-

153 1014 180 1047 “
199 1002 259 1079 tiis
275 1002 516 1079 consularibus
532 1006 718 1081 habeatur:
752 1003 815 1080 nisi
838 1008 987 1080 alterum
1010 1001 1135 1081 consu-

154 1134 180 1167 “
200 1124 272 1199 lem
294 1122 422 1223 utique
442 1152 487 1201 ex
509 1128 613 1225 plebe
630 1125 705 1201 fieri
723 1129 857 1203 neceffe
872 1130 923 1216 fit,
953 1123 1135 1199 neminem

153 1254 180 1287 ‘⁸
200 1242 286 1319 fore.
337 1249 399 1319 An
407 1246 485 1342 jam
497 1244 670 1321 memoria
690 1246 810 1334 exiise,
839 1272 955 1344 quum
974 1243 1136 1320 tribunos

154 1376 181 1409 “
200 1363 359 1439 militum
378 1363 513 1439 idcirco
532 1364 665 1469 potius,
695 1391 807 1465 quam
829 1364 1001 1454 consules,
1028 1363 1135 1441 creari

154 1496 181 1529 ‘⁴
199 1483 396 1583 placuiffet,
413 1490 505 1561 ut&
522 1484 670 1583 plebejis
685 1506 819 1585 pateret
831 1484 991 1561 summus
1008 1488 1135 1573 honos,

155 1616 182 1648 “
200 1625 356 1704 quatuor
378 1608 413 1679 ὅτ
435 1605 669 1705 quadraginta
683 1606 786 1683 annis
802 1607 983 1683 neminem
1000 1632 1045 1681 ex
1062 1607 1136 1703 ple-

154 1735 181 1767 “
200 1728 245 1801 be
262 1724 450 1801 tribunum
467 1725 624 1800 militum
641 1748 800 1801 creatum
816 1729 906 1801 effe?
923 1726 1000 1828 Qri
1015 1726 1135 1803 crede-

155 1856 181 1889 “
201 1866 291 1934 rent,
315 1845 502 1921 duobusne
517 1844 555 1921 in
571 1844 659 1921 locis
675 1845 737 1920 sua
750 1849 932 1921 voluntate
949 1846 1135 1946 inpartitu-

156 1977 181 2009 “
201 1992 257 2041 ros
269 1965 366 2065 plebi
377 1968 562 2055 honorem,
573 1966 638 2065 qui
649 1968 777 2041 octona
789 1968 868 2043 loca
880 1966 1032 2042 tribunis
1042 1966 1136 2041 mili-

156 2098 182 2129 “
203 2108 282 2162 tum
304 2086 465 2163 creandis
484 2112 655 2187 occupare
669 2085 761 2161 soliti
779 2090 869 2163 sint?
899 2088 995 2163 &ad
1013 2086 1138 2163 consu·

156 2217 183 2250 ‘⁸
201 2210 315 2282 latum
336 2206 433 2282 viam
456 2206 532 2281 fieri
545 2210 713 2305 paliuros,
740 2206 806 2306 qui
824 2206 1045 2283 tribunatum
1061 2208 1136 2307 sep·

157 2338 184 2370 “
203 2350 283 2403 tum
296 2328 445 2403 tamdiu
459 2328 647 2404 habuerint
661 2332 674 2402 Ρ
692 2332 793 2429 Lege
804 2328 1042 2405 obtinendum
1057 2333 1137 2419 effe,

157 2459 184 2493 “
201 2451 303 2549 quod
316 2446 472 2523 comitiis
483 2475 545 2547 per
557 2448 705 2549 gratiam
718 2470 896 2549 nequeam
920 2448 1137 2548 &seponen-

159 2580 184 2613 “
203 2572 294 2643 dum
327 2592 425 2644 extra
452 2589 629 2643 certamen
652 2571 802 2643 alterum
825 2569 1061 2660 consulatum,
1092 2572 1138 2646 ad
1162 2652 1166 2661 ,

161 2701 185 2734 “
204 2716 316 2791 quem
338 2689 434 2790 plebi
451 2694 491 2764 srt
511 2688 640 2764 aditus.
688 2688 872 2792 Qroniam
890 2689 928 2763 in
945 2690 1137 2765 certamine

159 2821 184 2855 “
201 2811 345 2886 reliltus
357 2808 556 2909 praemium
569 2809 704 2909 semper
715 2809 923 2909 potentioris
936 2808 1077 2885 futurus
1087 2814 1138 2885 fit.

158 2944 183 2977 “
202 2934 285 3007 Nec
295 2931 372 3028 jam
389 2930 484 3030 poffe
501 2929 575 3005 dici
593 2929 645 3019 id,
671 2933 774 3030 quod
789 2953 890 3006 antea
900 2932 1029 3028 jallare
1046 2930 1138 3007 soliti

159 3064 183 3098 “
202 3056 282 3139 lint,
310 3076 384 3125 non
400 3050 466 3123 effe
482 3048 522 3123 in
537 3050 684 3150 plebejis
701 3050 847 3127 idoneos
864 3051 956 3125 viros
973 3054 1019 3126 ad
1033 3078 1138 3127 curu·

158 3183 184 3217 “
202 3175 253 3247 les
268 3169 501 3270 magistratus.
557 3170 753 3269 Numquid
770 3170 867 3245 enim
884 3170 1063 3247 socordius
1078 3192 1140 3246 aut

159 3306 185 3340 ‘⁶
203 3291 344 3393 segnius
359 3289 620 3389 rempublicam
632 3291 865 3366 administrari
884 3292 962 3391 post
980 3296 1022 3367 P.
1040 3293 1139 3369 Lici·

160 3425 187 3459 “
205 3413 257 3488 nii
271 3413 373 3489 Calvi
387 3411 622 3499 tribunatum,
638 3410 704 3510 qui
716 3411 853 3511 primus
871 3438 915 3486 ex
927 3414 1032 3511 plebe
1046 3439 1139 3489 crea-

162 3546 264 3610 “tus
287 3535 341 3623 lit,
370 3558 480 3634 quam
503 3558 566 3631 per
589 3558 650 3608 eos
679 3558 792 3606 annos
814 3531 907 3631 gesta
929 3536 980 3619 fit,
1006 3532 1140 3631 quibus

164 3666 190 3701 “
207 3678 339 3754 praeter
351 3653 517 3754 patricios
536 3680 643 3729 nemo
656 3652 821 3728 tribunus
838 3650 994 3725 militum
1010 3652 1138 3727 fuerit?

166 3784 192 3817 “
208 3774 298 3873 quin
314 3797 436 3851 contra
450 3773 616 3874 patricios
631 3774 771 3872 aliquot
786 3776 971 3849 damnatos
986 3772 1065 3870 post
1081 3773 1140 3847 tri-

169 3904 193 3937 “
209 3898 397 3985 bunatum,
449 3895 631 3971 neminem
676 3895 866 3993 plebejum.
932 3892 1141 3993 Qaestores

172 4022 194 4059 “
210 4041 369 4117 quoque,
402 4019 491 4092 ficut
519 4015 681 4091 tribunos
710 4014 883 4103 militum,
915 4011 1037 4112 paucis
1061 4034 1140 4089 ante

173 4144 196 4178 “
211 4136 309 4215 annis
325 4164 372 4213 ex
388 4139 491 4238 plebe
505 4159 649 4237 coeptos
665 4136 795 4212 crearis
812 4158 877 4211 nec
891 4132 1000 4209 ullius
1018 4160 1141 4211 eorum
