3067 5342
402 707 469 782 192
728 682 1044 758 T.L1v1r

395 875 529 943 rentur,
560 851 841 956 &praecipuam
857 853 985 932 sortem
1001 849 1150 955 periculi
1167 871 1283 956 petere
1301 855 1376 930 nol·

393 975 478 1050 lent.
528 976 631 1050 Tum
645 979 693 1052 T.
710 975 886 1064 Manlius,
922 979 969 1050 L
984 974 1092 1064 filius,
1120 975 1184 1075 qui
1207 997 1380 1074 patrema

394 1093 581 1170 vexatione
598 1094 793 1170 tribunicia
819 1095 1071 1184 vindicaverat,
1102 1123 1147 1172 ex
1171 1095 1320 1170 statione
1334 1096 1380 1170 ad

394 1213 604 1290 dictatorem
617 1215 749 1316 pergit:
778 1226 804 1259 “
821 1217 954 1312 Injullu
972 1219 1073 1304 tuo‚’'
1103 1214 1235 1316 inquit,
1268 1225 1293 1259 “
1314 1215 1381 1290 im·

395 1346 421 1379 “
438 1355 589 1434 perator,
632 1357 731 1410 extra
762 1335 927 1412 ordinem
961 1362 1165 1435 numquam
1196 1358 1381 1435 pugnave-

396 1465 422 1500 “
440 1454 522 1545 rim,
550 1481 625 1531 non
653 1460 678 1530 sr
704 1475 837 1531 certam
859 1453 1045 1530 victoriam
1073 1454 1227 1530 videam.
1277 1455 1383 1530 situ

397 1583 422 1620 ‘⁸
441 1574 630 1673 permittis,
647 1577 731 1650 volo
744 1601 813 1676 ego
830 1574 882 1650 illi
900 1577 1037 1650 belluae
1054 1575 1249 1664 ostendere,
1268 1601 1385 1674 quan·

397 1697 492 1770 “do
522 1697 612 1770 adeo
638 1695 739 1771 ferox
763 1693 949 1795 praesultat
979 1691 1137 1768 hostium
1171 1695 1289 1796 lignis,
1323 1723 1385 1772 me

397 1825 424 1860 “
441 1839 487 1888 ex
503 1840 546 1890 ea
560 1811 695 1889 familia
707 1836 842 1902 ortum,
869 1839 962 1912 quae
980 1817 1167 1890 Gallorum
1189 1841 1320 1915 agmen
1337 1843 1386 1892 ex

399 1944 424 1978 ‘⁶
442 1959 531 2032 rupe
542 1934 692 2033 Tarpeja
704 1934 868 2032 dejecit.''
917 1937 1019 2010 Tum
1033 1933 1197 2022 dictator,
1215 1945 1241 1978 “
1257 1937 1385 2010 Macte

397 2064 424 2099 ‘⁸
442 2053 609 2141 virtute,”
638 2053 771 2152 inquit,
803 2063 827 2098 “
846 2080 887 2129 ac
914 2053 1042 2152 pietate
1069 2053 1108 2128 in
1138 2075 1288 2151 patrem,
1322 2081 1385 2155 pa·

398 2184 424 2218 “
444 2172 632 2272 triamque,
665 2177 714 2248 T.
738 2173 871 2261 Manli,
900 2173 984 2249 esto.
1034 2178 1159 2272 Perge,
1192 2178 1227 2248 δι
1248 2199 1386 2250 nornen

398 2304 424 2336 ‘⁴
443 2295 654 2366 Romanum
668 2292 856 2382 invictum,
870 2293 1079 2390 juvantibus
1097 2293 1191 2382 Diis,
1216 2295 1386 2393 praesta!

398 2415 552 2484 Armant
576 2409 661 2486 inde
685 2397 858 2508 J‘uvenenr
887 2415 1060 2513 aequales.
1111 2413 1276 2489 Pedestre
1303 2413 1384 2490 scu·

399 2549 478 2604 tum
498 2527 606 2629 capit,
638 2529 803 2631 Hispano
830 2531 987 2634 cingitur
1013 2530 1148 2634 gladio,
1174 2534 1221 2608 ad
1237 2533 1384 2631 propio-

398 2677 474 2726 rem
507 2649 618 2726 habili
645 2677 817 2751 pugnam.
877 2657 1068 2728 Armorum
1098 2655 1384 2753 adornatumque

398 2769 561 2846 adversus
578 2773 726 2846 Gallum
748 2769 873 2846 stolide
897 2773 1043 2860 laetum,
1075 2777 1110 2847 δι
1131 2771 1321 2870 (quoniam
1344 2775 1383 2848 id

400 2917 546 2991 quoque
562 2891 733 2966 memoria
749 2891 903 2991 dignum
916 2891 1072 2990 antiquis
1089 2891 1204 2968 visum
1219 2892 1284 2986 est)
1312 2893 1380 2968 lin-

400 3035 509 3114 guam
542 3010 650 3086 etiam
676 3013 721 3084 ab
754 3009 861 3086 inrisu
894 3009 1124 3100 exserentem,
1165 3015 1382 3110 producunt.

401 3129 602 3228 Recipiunt
618 3130 702 3205 inde
715 3128 748 3206 se
763 3130 1020 3206 adstationemr
1055 3137 1090 3206 δι
1113 3134 1188 3208 duo
1205 3131 1243 3207 in
1260 3136 1383 3212 medio
1516 3197 1517 3208 ,

400 3249 537 3340 armati,
565 3249 751 3349 spaclaculi
774 3250 886 3350 magis
904 3277 1015 3340 more,
1047 3277 1158 3351 quam
1184 3256 1261 3353 lege
1283 3255 1382 3346 belli,
1516 3233 1517 3268 ³

402 3369 654 3456 destituuntur,
679 3396 907 3469 nequaquam
923 3370 999 3446 visu
1013 3395 1055 3446 ac
1072 3372 1186 3471 specie
1198 3373 1383 3450 aestiman-

401 3487 498 3562 tibus
524 3513 634 3583 pares.
689 3491 827 3588 Corpus
854 3489 952 3565 alteri
976 3492 1228 3591 magnitudine,
1255 3494 1383 3570 eximi·

402 3633 479 3696 um,
510 3606 704 3682 verficolori
721 3609 814 3683 veste
830 3609 1004 3710 pictisque
1022 3617 1057 3686 δι
1073 3639 1158 3688 auro
1175 3613 1315 3690 caelatis
1331 3639 1383 3690 re·

403 3726 543 3828 fulgens
569 3725 691 3802 annisz
720 3728 840 3806 media
863 3729 901 3803 in
927 3733 1035 3806 altero
1052 3732 1212 3808 militaris
1239 3735 1380 3822 statura,

403 3848 617 3945 modicaque
633 3846 671 3920 in
696 3847 801 3922 annis
818 3848 997 3926 habilibus
1014 3852 1126 3952 magis
1149 3879 1259 3952 quarn
1275 3855 1381 3930 deco·

403 3968 450 4044 ris
479 3967 620 4065 species.
670 3969 758 4042 Non
788 3990 924 4057 canora,
949 3996 1023 4044 non
1053 3973 1237 4050 exsultatio
1266 3999 1381 4048 armo-

403 4114 555 4187 rumque
587 4086 733 4187 agitatio
764 4115 866 4178 vana‚
905 4089 965 4165 sed
1001 4095 1137 4191 pectus,
1178 4092 1380 4171 animorum
