3067 5342
467 673 697 746 Lrann
753 671 821 746 IX·
1081 673 1150 772 383

177 855 204 890 “
221 865 300 922 tum
314 849 360 922 ab
376 843 495 951 senatu
512 843 698 944 negotium
720 843 840 932 fuerit,
867 841 980 919 inme
996 839 1155 940 primurn

178 969 257 1042 “&
280 967 379 1040 hunc
416 967 476 1040 M.
506 965 664 1039 Fossium
695 963 915 1064 quaestiones
942 960 1129 1037 exerceatis
1138 991 1153 1050 ς

177 1095 204 1129 “
221 1105 265 1159 ut
289 1086 466 1184 adpareat,
483 1083 687 1158 innocentia
706 1083 822 1158 nostra
838 1109 915 1172 nos,
946 1108 1019 1156 non
1035 1082 1155 1179 majes-

178 1215 204 1249 “
222 1225 292 1278 tate
318 1202 475 1290 honoris,
499 1222 594 1276 tutos
608 1228 629 1275 a
644 1200 950 1277 criminationibus
969 1200 1041 1276 istis
1055 1205 1157 1276 elle.''

176 1324 337 1402 Abdicat
352 1323 436 1398 inde
460 1321 493 1397 se
509 1321 694 1410 dictatura,
720 1326 754 1396 dr
768 1321 846 1422 post
862 1347 947 1396 eum
971 1321 1155 1398 confestim
1188 1319 1190 1325 ’

178 1443 315 1519 Fossius
331 1441 530 1542 magisterio
546 1441 730 1540 equitumz
760 1440 940 1541 primique
957 1444 1055 1540 apud
1070 1469 1155 1517 con·

177 1561 266 1638 sules
284 1561 342 1660 (iis
358 1561 455 1636 enim
471 1564 517 1636 ab
531 1559 649 1635 senatu
667 1563 832 1636 mandata
845 1587 897 1636 res
910 1562 974 1657 est)
995 1562 1044 1636 rei
1057 1560 1154 1650 faeti,

177 1681 339 1756 adversus
353 1679 534 1758 nobilium
550 1678 749 1754 testimonia
760 1680 900 1780 egregie
917 1680 1155 1758 absolvuntur.

176 1801 354 1877 Publilius
364 1801 470 1875 etiam
483 1798 602 1887 Philo,
621 1798 865 1897 multiplicatis
879 1799 1025 1876 summis
1042 1805 1155 1878 hono-

177 1918 287 2009 ribus,
309 1920 388 2018 post
409 1945 461 1994 res
483 1938 536 1993 tot
551 1917 652 1993 dorni
669 1921 834 2018 belloque
852 1920 976 2019 gestas,
996 1911 1154 1997 ceterum

177 2038 308 2114 invisus
324 2037 514 2127 nobilitati,
531 2040 683 2113 cauffam
701 2037 806 2128 dixit,
830 2038 1079 2139 absolutusque
1093 2042 1153 2116 est.

182 2163 265 2235 Nec
279 2155 429 2248 diutius,
446 2180 488 2233 ut
500 2160 553 2246 lit,
565 2185 673 2256 quam
691 2160 781 2234 dum
798 2185 917 2234 recens
934 2182 1018 2249 erat,
1036 2159 1156 2260 quaes-

179 2277 233 2354 tio
245 2305 309 2378 per
324 2279 415 2353 clara
425 2278 570 2352 n‘omina
580 2303 720 2353 reorum
732 2277 861 2380 viguit.
890 2281 978 2354 Inde
994 2278 1066 2354 labi
1077 2305 1157 2354 coe-

177 2397 233 2496 pit
248 2399 295 2472 ad
320 2396 444 2472 viliora
464 2395 592 2494 capita,
623 2399 738 2472 donec
756 2397 971 2474 coitionibus
995 2396 1156 2475 fadioni·

179 2514 331 2615 busque,
354 2515 517 2592 adversus
542 2541 630 2614 quas
656 2538 854 2616 comparata
883 2537 967 2608 erat,
1001 2521 1159 2617 obpreffa

179 2636 241 2712 est.

228 2759 386 2833 XXVII.
414 2761 549 2834 Earum
563 2757 657 2834 fama
668 2784 799 2848 rerum,
826 2757 938 2860 magis
949 2779 1068 2834 tamen
1081 2759 1156 2859 spes
1203 2819 1205 2824 .

39 2873 62 2918 ⁷
180 2879 381 2976 Campanae
403 2876 625 2967 defectionis,
651 2877 689 2952 in
705 2905 815 2978 quam
833 2880 1054 2977 conjuratum
1071 2901 1156 2972 erat,

181 2996 368 3086 Samnites,
385 2996 424 3072 in
438 2997 611 3096 Apuliam
627 2996 755 3086 versos,
781 2997 898 3072 rursus
913 3001 960 3074 ad
977 3000 1159 3076 Caudium

179 3116 377 3192 revocavit:
407 3138 450 3191 ut
475 3116 560 3191 inde
582 3142 628 3190 ex
658 3117 874 3216 propinquo,
904 3123 927 3192 si
952 3119 1017 3216 qui
1039 3143 1158 3194 motus

180 3241 397 3312 occafionem
420 3235 581 3336 aperiret,
599 3239 757 3335 Capuam
776 3237 952 3330 Romanis
973 3239 1157 3335 eriperent.

181 3359 238 3430 Eo
260 3349 418 3431 consules
444 3381 529 3454 eum
543 3355 664 3438 valido
690 3355 849 3431 exercitu
876 3379 1058 3434 venerunt.
1110 3361 1159 3435 Et

180 3473 298 3574 primo
314 3474 406 3550 circa
422 3474 539 3564 saltus,
554 3501 671 3574 quum
686 3474 869 3574 utrimque
880 3478 926 3550 ad
942 3477 1078 3554 hostem
1090 3478 1159 3554 ini·
1226 3493 1229 3500 '

182 3621 255 3694 qua
281 3593 340 3669 via
363 3596 461 3684 edet,
488 3594 645 3670 cundati
672 3593 772 3670 sunt:
815 3595 947 3670 deinde
983 3598 1158 3676 Samnites

179 3740 242 3813 per
252 3731 376 3814 aperta
385 3716 464 3788 loca
478 3714 578 3790 brevi
595 3713 747 3790 circuitu
765 3714 803 3788 in
819 3717 897 3790 loca
911 3717 1027 3815 plana,
1053 3719 1158 3794 Cam·

180 3859 289 3933 panos
305 3859 463 3934 campos,
479 3860 609 3934 agmen
625 3835 833 3924 demittunt,
860 3834 985 3934 ibique
1001 3833 1159 3934 primum

182 3953 291 4028 castra
307 3952 345 4028 in
360 3952 549 4052 conspeetu
569 3953 729 4029 hostibus
743 3956 845 4029 data:
875 3955 1006 4030 deinde
1022 3954 1161 4032 levibus

180 4071 336 4172 proeliis,
346 4071 666 4174 equitumsaepius,
676 4073 1161 4176 quampeditum,utrimque
