3067 5342
413 662 458 732 26
745 657 1061 733 T.Lrvrr

410 857 493 934 gem
510 831 730 908 Treboniam
751 825 875 922 saetae,
901 831 1112 908 memoriam
1138 827 1324 910 obscuram
1340 833 1393 908 fe·

410 954 470 1028 cit
521 953 681 1028 Vislores
710 951 860 1043 tribuni,
891 975 934 1028 ut
949 951 1164 1053 praesentem
1188 955 1393 1030 mercedem

402 1072 535 1172 judicii
562 1076 682 1170 plebes
711 1076 868 1163 haberet,
893 1076 1010 1174 legem
1036 1073 1207 1172 agrariam
1234 1077 1394 1173 promul-

410 1216 509 1294 gant,
536 1193 787 1292 tributumque
810 1193 960 1270 conferri
975 1192 1181 1294 prohibent:
1207 1222 1324 1295 quum
1339 1215 1396 1268 tot

410 1314 626 1390 exercitibus
658 1313 835 1414 stipendio
865 1341 956 1414 opus
978 1317 1073 1404 effer,
1098 1315 1221 1414 resque
1247 1313 1397 1388 militiae

412 1434 462 1510 ita
486 1433 645 1534 prospere
672 1458 888 1534 gererentur,
913 1457 955 1508 ut
979 1436 1079 1510 nullo
1107 1437 1201 1510 bello
1217 1435 1400 1510 veniretur

410 1557 457 1632 ad
490 1555 629 1630 exitum
661 1554 744 1653 spei.
805 1559 974 1654 Namque
1009 1555 1105 1652 Vejis
1137 1557 1258 1645 castra,
1302 1581 1398 1655 quae

409 1673 531 1750 amissa
555 1695 665 1762 erant,
691 1697 894 1772 recuperata
915 1675 1061 1750 castellis
1075 1674 1320 1775 praesidiisque
1338 1680 1397 1750 fir-

411 1818 564 1872 mantur.
614 1799 800 1870 Praeerant
816 1795 952 1871 tribuni
975 1796 1134 1870 militurn
1152 1800 1221 1872 Μ’.
1243 1798 1396 1872 Aemili-

411 1945 455 1992 us
482 1922 515 1991 δι
537 1918 583 1990 Κ.
614 1915 758 1991 Fabius.
809 1919 868 1991 M.
890 1916 1001 1991 Furio
1022 1917 1059 1990 in
1083 1915 1239 2006 Faliscis,
1265 1922 1298 1991 δι
1325 1921 1396 1993 Cn.

412 2035 580 2112 Cornelio
595 2035 632 2110 in
649 2038 828 2135 Capenate
844 2062 928 2136 agro
948 2037 1062 2112 hostes
1080 2036 1170 2111 nulli
1184 2058 1283 2111 extra
1297 2065 1397 2112 moe-

413 2157 472 2230 nia
487 2156 639 2230 inventi:
672 2159 819 2255 praedae
833 2159 943 2245 aciae,
969 2155 1215 2256 incendiisque
1230 2157 1397 2233 villarum

411 2303 452 2351 ac
478 2275 626 2376 frugum
647 2278 768 2352 vastati
792 2279 895 2351 fines:
928 2276 1062 2375 oppida
1083 2283 1303 2378 obpugnata,
1329 2307 1398 2355 nec

413 2394 544 2471 obsessa
576 2395 667 2472 sunt.
718 2402 770 2472 At
799 2397 838 2470 in
868 2396 1018 2485 Volscis,
1045 2400 1264 2496 depopulato
1296 2425 1397 2498 agro,

413 2523 545 2592 Anxur
574 2517 822 2617 nequidquam
856 2522 1120 2616 obpugnatum,
1147 2521 1228 2593 loco
1259 2521 1332 2593 alto
1357 2523 1398 2592 sr-

412 2659 511 2728 tum,
538 2644 586 2726 δι,
614 2639 804 2736 postquam
829 2637 882 2711 vis
906 2636 1000 2712 irrita
1021 2661 1105 2726 erat,
1131 2641 1224 2713 vallo
1240 2639 1399 2739 fossaque

413 2759 561 2836 obsideri
581 2780 762 2856 coeptum.
814 2757 954 2834 Valerio
975 2758 1096 2832 Potito
1113 2758 1232 2834 Volsci
1252 2761 1398 2858 provin·

414 2881 469 2955 cia
490 2901 662 2955 evenerat.
713 2881 803 2954 Hoc
834 2879 923 2953 statu
948 2878 1157 2953 militarium
1184 2907 1316 2968 rerum,
1346 2880 1399 2955 se·

414 3001 506 3076 ditio
534 2999 696 3074 intestina
724 3001 854 3096 majore
881 3002 976 3074 mole
1003 3022 1136 3089 coorta,
1162 3028 1271 3100 quam
1305 3003 1400 3076 bella

414 3125 661 3196 tractabantur.
714 3123 775 3208 Et,
806 3146 922 3218 quum
952 3119 1129 3196 tributum
1159 3119 1309 3196 conferri
1337 3147 1402 3219 per

415 3241 579 3317 tribunos
601 3267 674 3314 non
699 3242 823 3339 poffet,
856 3268 921 3315 nec
946 3241 1164 3340 stipendium
1181 3241 1401 3340 imperatori-

415 3367 483 3438 bus
503 3361 714 3448 mitteretur,
744 3387 894 3460 aeraque
917 3361 1082 3436 militaria
1096 3362 1267 3462 flagitaret
1283 3361 1400 3451 miles,

414 3483 513 3556 haud
539 3483 665 3578 procul
699 3501 784 3569 erat,
816 3481 906 3580 quin
933 3481 1040 3556 castra
1068 3509 1215 3580 quoque
1244 3487 1400 3559 urbanae

415 3599 595 3677 seditionis
612 3601 824 3701 contagione
841 3605 1076 3676 turbarentur.
1127 3606 1222 3676 Inter
1245 3605 1307 3678 has
1333 3604 1401 3678 iras

415 3722 529 3824 plebis
550 3721 587 3796 in
609 3726 741 3809 Patres,
774 3747 890 3820 quum
907 3721 1041 3798 tribuni
1060 3723 1173 3822 plebis
1192 3751 1289 3799 nunc
1306 3723 1400 3800 illud

416 3867 557 3942 tempus
580 3845 646 3916 effe
663 3842 825 3916 dicerent
847 3843 1074 3918 stabiliendae
1090 3843 1272 3932 libertatis,
1305 3849 1401 3920 &ab

416 3963 545 4066 Sergiis
572 3961 815 4062 Virginiisque
842 3965 889 4039 ad
922 3967 1077 4062 plebejos
1109 3965 1203 4040 viros
1228 3964 1334 4039 sortes
1361 3991 1401 4038 ac

418 4083 576 4158 strenuos
595 4082 827 4158 transferendi
848 4082 978 4159 summi
995 4086 1160 4173 honoris;
1192 4113 1266 4160 non
1282 4109 1399 4160 tamen
