3067 5342
394 619 466 718 368
728 619 1044 694 T.Lrv11

393 789 487 868 suit?
508 789 660 892 paginas
675 789 715 866 in
730 791 915 868 annalibus
931 792 1212 894 magillratuum
1228 788 1390 888 fastisque

387 935 588 1010 percurrere
602 910 700 1002 licet,
716 911 916 1003 consulum,
949 913 1264 1010 dinatommque,
1297 935 1383 1006 quo·

389 1055 551 1106 rumnec
564 1029 718 1119 virtutis,
742 1059 808 1108 nec
825 1031 985 1108 fortunae
1001 1035 1076 1108 ullo
1105 1031 1173 1104 die
1205 1030 1384 1128 populum

391 1153 602 1227 Romanurn
626 1150 815 1250 poenituit.
868 1155 929 1240 Et,
958 1177 1033 1251 quo
1048 1155 1114 1226 lint
1132 1147 1385 1233 mirabiliores,

390 1296 501 1370 quarn
517 1272 722 1346 Alexander
748 1293 810 1345 aut
832 1270 1021 1370 quisquam
1038 1297 1114 1360 rex,
1143 1271 1266 1346 denos
1294 1266 1385 1342 vice-

392 1389 527 1490 nosque
541 1391 617 1466 dies
632 1389 784 1489 quidam
798 1389 1021 1480 dislaturanr,
1045 1417 1157 1466 nemo
1175 1391 1262 1490 plus
1278 1413 1386 1487 quarn

391 1535 528 1584 annum
553 1509 776 1584 consulamur
803 1513 916 1610 gestit:
945 1515 991 1588 ab
1008 1511 1166 1586 tribunis
1184 1507 1304 1610 plebis
1326 1508 1386 1580 de·

393 1631 504 1704 ledus
518 1629 670 1727 inpediti
688 1629 785 1705 sunt:
811 1631 889 1730 post
906 1653 1046 1730 tempus
1062 1633 1108 1706 ad
1124 1633 1227 1707 bella
1253 1629 1385 1704 ierunt:

393 1769 474 1824 ante
490 1769 631 1848 tempus
655 1749 883 1826 comitiorum
905 1753 1021 1826 cauffn
1041 1751 1202 1827 revocati
1227 1748 1325 1824 sunt:
1351 1745 1386 1817 in

392 1867 468 1968 ipso
479 1891 609 1945 conatu
636 1896 754 1946 rerum
777 1869 988 1970 circumegit
1004 1869 1038 1946 se
1063 1897 1200 1946 annus:
1229 1869 1383 1965 collegae

392 2015 491 2066 nunc
517 1989 707 2078 temeritas,
734 2014 831 2064 nunc
856 1989 1018 2086 pravitas,
1049 1989 1307 2090 inpedimento
1327 2005 1385 2058 aut

392 2109 527 2184 dunno
543 2107 629 2183 fuit:
656 2110 747 2182 male
767 2107 871 2208 gestis
892 2113 996 2185 rebus
1021 2109 1166 2186 alterius
1190 2107 1384 2184 successum

395 2228 461 2302 est:
486 2228 638 2303 tironem
652 2249 714 2302 aut
730 2230 822 2302 mala
838 2228 1023 2328 disciplina
1049 2229 1261 2304 institutum
1292 2247 1386 2300 exer.

395 2346 510 2422 citum
543 2368 767 2446 acceperunt.
817 2352 881 2436 At,
907 2352 1081 2437 Hercule,
1108 2376 1213 2450 reges
1241 2373 1315 2421 non
1345 2341 1384 2415 li·

396 2466 472 2542 beri
495 2465 611 2542 solum
641 2465 895 2564 inpedimentis
923 2469 1107 2558 omnibus,
1151 2469 1217 2547 sed
1248 2459 1381 2542 domini

397 2613 515 2662 rerum
547 2607 836 2686 temporumque,
882 2590 1026 2664 trahunt
1058 2590 1214 2665 consiliis
1246 2587 1380 2668 cunda,

396 2733 471 2783 non
502 2705 710 2806 sequuntur.
759 2706 918 2782 Invictus
949 2735 1035 2808 ergo
1064 2711 1276 2785 Alexander
1301 2727 1381 2779 cum

396 2826 538 2902 invidis
554 2826 710 2903 ducibus
727 2829 820 2902 bella
835 2829 991 2926 geffifl'et,
1022 2833 1057 2902 δι
1074 2831 1203 2904 eadem
1221 2827 1380 2902 fortunae

397 2949 547 3046 pignora
578 2946 618 3020 in
650 2943 840 3020 discrimen
872 2947 1058 3022 detulisset.
1122 2951 1247 3024 lmmo
1280 2943 1379 3020 etiarn

397 3090 441 3140 eo
456 3067 537 3163 plus
552 3064 702 3162 periculi
718 3065 873 3154 subisset,
889 3067 993 3163 quod
1015 3069 1240 3145 Macedones
1269 3083 1379 3140 unum

398 3186 645 3260 Alexandrum
658 3183 869 3272 habuissent,
896 3185 1017 3260 multis
1034 3190 1168 3262 casrbus
1181 3215 1257 3264 non
1270 3183 1378 3260 solum

396 3303 613 3392 obnoxium,
644 3301 705 3378 sed
737 3303 845 3378 etiam
877 3303 1096 3380 obserentem
1127 3304 1179 3382 se:
1207 3296 1378 3384 Romanis

396 3421 503 3496 multi
521 3421 675 3525 suilstnt,
703 3423 924 3511 Alexandro,
953 3425 1011 3499 vel
1027 3425 1152 3524 gloria,
1183 3429 1242 3502 vel
1266 3441 1376 3500 rerum

398 3539 663 3642 magnitudine,
688 3569 786 3641 pares
798 3577 811 3630 ς
836 3569 992 3642 quorum
1021 3544 1085 3621 suo
1118 3547 1272 3647 quisque
1298 3540 1375 3622 fato,

396 3664 466 3736 fine
482 3660 631 3760 publico
647 3660 863 3751 discrimine,
888 3663 1020 3740 viveret
1035 3688 1312 3767 morereturque.

446 3783 552 3856 XIX.
576 3781 714 3870 Restat,
729 3803 773 3856 ut
788 3781 910 3881 copiae
927 3785 1038 3884 copiis
1060 3805 1308 3887 comparentur
1324 3772 1374 3852 vel

398 3925 564 3990 numero,
594 3903 653 3975 vel
684 3899 842 3976 militurn
871 3929 1011 4003 genere,
1051 3909 1108 3981 vel
1151 3899 1374 3983 multimdine

399 4017 628 4094 auxiliorum.
677 4019 918 4098 Censebantur
944 4024 1017 4120 ejus
1042 4026 1163 4103 aetatis
1185 4024 1298 4103 lustris
1313 4018 1375 4094 du·
1419 4077 1421 4080 .
