3067 5342
477 680 707 755 Lraan
765 680 865 755 VIII.
1110 707 1181 782 299

194 849 327 951 inquit.
380 861 406 896 “
421 852 549 927 Nostra
563 853 764 942 certamina,
793 850 965 943 Romani,
983 879 1056 927 non
1071 857 1179 929 verba

194 984 220 1018 “
239 975 450 1073 legatorum,
468 997 534 1046 nec
548 973 739 1048 hominum
752 972 942 1072 quisquam
956 972 1178 1071 disceptator,

192 1103 219 1137 “
238 1093 299 1167 sed
315 1118 461 1191 campus
475 1094 692 1190 Campanus,
722 1092 760 1168 in
794 1119 868 1191 quo
890 1095 1177 1169 concurrendum

192 1223 219 1258 “
238 1212 301 1301 est,
319 1217 353 1286 tc
370 1238 478 1300 arma,
505 1215 540 1286 a
564 1213 765 1288 communis
783 1217 882 1288 Mars
900 1213 984 1288 belli
999 1215 1176 1287 decernet.

194 1331 394 1408 “Proinde
438 1331 529 1407 inter
565 1336 726 1431 Capuam
764 1336 1031 1432 Suessulamque
1070 1333 1179 1406 castra

192 1464 218 1498 “
237 1451 354 1529 castris
371 1450 609 1528 conferamus:
640 1459 688 1542 ἃ,
705 1453 844 1528 Samnis
860 1452 1090 1528 Romanusne
1107 1451 1175 1525 im·

191 1584 217 1618 “
236 1579 334 1672 perio
352 1572 489 1647 Italiam
506 1594 614 1673 regat,
633 1575 899 1649 decernamus.”
948 1572 1078 1674 Legati
1097 1574 1174 1646 Ro·

190 1719 378 1770 manorum
395 1719 511 1793 quum
527 1692 574 1782 se,
601 1721 674 1768 non
702 1721 779 1794 quo
804 1693 913 1770 hostis
927 1695 1091 1781 vocasset,
1114 1690 1175 1768 sed

188 1840 263 1912 quo
280 1813 506 1913 imperatores
523 1812 575 1888 sui
591 1813 782 1904 duxissent,
812 1814 923 1889 ituros
939 1816 1006 1888 effe
1034 1811 1173 1912 respon·

188 1933 330 2008 dissent:
359 1935 436 2033 jam
461 1933 651 2024 Publilius,
681 1934 772 2010 inter
786 1933 1003 2032 Palaepolim
1029 1935 1174 2032 Neapo-

187 2053 325 2152 limque
341 2058 422 2130 loco
439 2076 636 2154 opportune
654 2076 771 2154 capt0‚
798 2055 985 2130 diremerat
1013 2052 1174 2128 hostibus

187 2173 388 2250 societatem
405 2175 529 2250 auxilii
547 2174 682 2249 mutui:
707 2201 792 2274 qua,
815 2195 858 2249 ut
890 2174 1040 2274 quisque
1073 2176 1174 2248 Iocus

188 2314 411 2393 premereter,
438 2294 529 2368 inter
554 2293 587 2368 se
621 2299 671 2368 usi
701 2294 850 2369 fuerant.
899 2297 1025 2393 Itaque
1054 2319 1173 2392 quum

192 2419 225 2488 dt
243 2413 472 2490 comitiorum
487 2413 563 2488 dies
580 2413 733 2503 instaret,
761 2419 809 2502 ὃτ,
823 2413 1035 2503 Publilium,
1064 2413 1172 2488 inmi-

187 2555 331 2609 nentem
347 2535 502 2610 hostium
519 2533 643 2623 muris,
674 2534 812 2609 avocari
841 2537 887 2609 ab
904 2534 963 2633 spe
979 2534 1172 2633 capiendae

186 2653 224 2728 in
239 2651 315 2728 dies
331 2656 443 2745 urbis,
474 2655 571 2730 haud
588 2681 607 2729 e
621 2652 804 2753 republica
819 2656 901 2729 esset
907 2686 919 2742 3
946 2656 1067 2729 adum
1084 2680 1171 2730 cum

185 2775 335 2851 tribunis
352 2776 414 2864 est,
430 2776 475 2850 ad
491 2777 669 2873 populum
686 2773 828 2863 ferrent,
854 2794 909 2862 ut,
935 2798 1053 2873 quum
1073 2776 1172 2849 Pub-

184 2894 279 2970 lilius
305 2896 411 2971 Philo
444 2894 627 2971 consulatu
664 2893 801 2989 abisset,
834 2919 898 2992 pro
925 2894 1068 2970 consule
1094 2922 1169 2971 rem

184 3037 331 3116 gereret,
350 3018 471 3116 quoad
487 3016 705 3091 debellatum
723 3038 809 3089 cum
826 3014 972 3090 Graecis
987 3017 1080 3090 effet.
1121 3018 1169 3091 L.

183 3135 351 3211 Cornelio
381 3135 484 3236 (quia
500 3161 544 3210 ne
561 3160 646 3209 eum
676 3133 826 3232 quidem
840 3133 879 3208 in
895 3132 1107 3231 Samniumj

183 3253 375 3354 ingressum
396 3254 552 3331 revocari
569 3258 614 3330 ab
630 3253 754 3353 inpetu
772 3253 856 3329 belli
872 3254 1049 3352 placebat)
1090 3254 1169 3329 lite·

191 3401 248 3450 rae
263 3373 383 3450 missae
405 3395 448 3450 ut
476 3373 685 3450 didatorem
715 3373 946 3449 comitiorum
977 3377 1094 3450 caussa
1114 3375 1172 3451 di·

182 3515 287 3570 ceret.
338 3495 443 3572 Dixit
465 3497 525 3569 M.
542 3494 738 3569 Claudium
759 3496 988 3570 Marcellum.
1038 3499 1100 3572 Ab
1126 3524 1170 3572 eo

182 3613 347 3715 magister
373 3613 539 3713 equitum
568 3613 686 3687 didus
718 3617 777 3712 Sp.
811 3614 1025 3690 Postumius.
1087 3619 1169 3692 Nec

181 3754 302 3809 tamen
318 3739 363 3811 ab
381 3734 550 3808 didatore
568 3731 714 3807 comitia
727 3731 810 3806 sunt
825 3733 958 3822 habita,
989 3734 1087 3834 quia,
1114 3736 1167 3809 vi-

181 3851 279 3928 tione
293 3875 428 3929 creatus
443 3855 538 3940 esset,
562 3851 600 3925 in
618 3849 896 3951 disquifitionem
912 3854 1022 3929 venit.
1071 3857 1168 3930 Con·

181 3970 262 4047 sulti
278 3999 442 4073 augures,
459 3971 627 4048 vitiosum
639 3971 754 4046 videri
771 3970 994 4062 didatorem,
1007 3999 1166 4072 pronun·

180 4091 374 4172 cieverunt.
417 4097 508 4170 Eam
525 4121 600 4169 rem
617 4090 753 4170 tribuni
770 4090 964 4192 suspectam
978 4092 1166 4170 infamem-
