3067 5342
464 751 502 825 L
528 776 542 826 1
572 777 592 826 rs
621 775 642 826 u
671 777 695 826 n
747 753 846 828 VIII.
1089 779 1159 854 291

178 927 290 1028 spatio
306 929 351 1004 ad
373 929 666 1028 conloquendum
680 928 810 1020 sumto,
837 953 965 1028 quum,
995 926 1161 1004 submoto

177 1051 327 1148 populo,
352 1047 391 1124 in
408 1049 596 1148 conspeetu
622 1050 787 1125 omnium
803 1076 878 1125 rem
894 1049 940 1124 ad
956 1061 1160 1126 ceteras're-

178 1167 353 1257 tulissent,
380 1171 477 1244 haud
497 1170 786 1246 abnuentibus&
805 1169 872 1244 illis
890 1170 1023 1259 bibere,
1050 1193 1157 1268 epoto

167 1288 453 1380 meditamento,
482 1288 613 1365 suamet
629 1289 720 1390 ipsae
736 1291 860 1364 fraude
877 1316 1000 1365 omnes
1017 1290 1157 1364 interie-

175 1430 270 1484 runt.
337 1410 616 1509 Comprehensae
649 1412 829 1510 extemplo
863 1436 984 1484 earum
1013 1409 1159 1484 comites

175 1555 350 1631 magnum
387 1557 577 1606 numerum
615 1552 856 1606 matronarum
894 1528 1156 1608 indicaverunt:

176 1677 221 1726 ex
263 1651 396 1750 quibus
429 1653 475 1726 ad
515 1673 661 1726 centum
698 1649 918 1750 septuaginta
959 1653 1155 1726 damnatae.

176 1774 307 1871 Neque
327 1772 373 1845 de
388 1770 568 1846 veneficiis
585 1794 664 1846 ante
686 1797 764 1846 eam
779 1769 876 1845 diem
894 1773 1033 1845 Romae
1050 1797 1157 1870 quae-

173 1895 278 1966 srtum
295 1891 355 1966 cst.
406 1881 567 1992 Prodigii
583 1918 624 1965 ea
640 1917 692 1966 res
709 1893 789 1965 loco
808 1891 952 1980 habita,
976 1890 1156 1990 captisque

175 2011 288 2110 magis
304 2011 498 2099 ruentibus,
528 2037 637 2110 quam
654 2009 905 2100 consceleratis,
932 2011 1050 2086 similis
1071 2009 1155 2086 visa

174 2134 315 2229 Itaque,
350 2130 521 2205 memoria
543 2157 588 2204 ex
605 2130 790 2206 annalibus
806 2130 964 2229 repetita,
995 2131 1033 2205 in
1049 2131 1155 2207 seces-

174 2250 328 2327 sronibus
344 2252 529 2349 quondam
547 2250 660 2347 plebis
677 2253 819 2325 clavum
833 2255 878 2326 ab
896 2251 1065 2326 dislatore
1087 2253 1154 2325 fix·

172 2397 250 2458 um,
277 2369 508 2468 alienatasque
535 2369 710 2445 discordia
734 2392 869 2446 mentes
898 2371 1089 2446 hominum
1108 2398 1152 2446 eo

171 2489 314 2590 piaculo
332 2511 514 2590 compotes
541 2488 593 2564 sui
615 2488 743 2578 feciffe,
769 2489 977 2565 didatorem
1004 2491 1096 2565 clavi
1112 2493 1153 2565 fi-

172 2609 281 2710 gendi
299 2613 412 2684 caussa
438 2610 544 2686 creari
564 2609 708 2708 placuit.
757 2613 902 2684 Creatus
928 2611 1152 2712 Cn..Qrinc-

172 2731 269 2806 tilius
302 2730 509 2831 magistrum
540 2729 704 2828 equitum
744 2733 791 2804 L.
823 2729 1003 2804 Valerium
1036 2729 1151 2804 dixit:

172 2851 250 2951 qui,
275 2853 349 2926 lixo
364 2853 477 2939 clavo,
511 2849 712 2949 magistratu
730 2849 764 2924 se
780 2849 1043 2925 abdicaverunt.

218 2974 323 3048 XIX.
351 2971 468 3048 Creati
495 2967 653 3046 consules
682 2973 728 3044 L.
744 2969 904 3068 Papirius
930 2971 1066 3044 Crassus
1086 2967 1149 3044 ite·

169 3119 265 3182 rum,
293 3095 341 3167 L.
362 3091 522 3166 Plautius
539 3093 678 3165 Venn0.
738 3091 847 3187 Cujus
871 3088 1050 3188 principio
1065 3090 1149 3164 anni

169 3211 275 3313 legati
292 3239 337 3286 ex
352 3209 486 3287 Volscis
504 3209 719 3299 Fabraterni,
753 3215 787 3284 δι
804 3209 958 3297 Lucani,
990 3212 1147 3286 Romam

168 3352 354 3420 venerunt,
376 3353 526 3419 orantes,
543 3352 585 3405 ut
600 3330 638 3404 in
653 3331 762 3404 fidem
779 3330 1026 3427 reciperentur.
1075 3330 1150 3406 Sia

167 3451 382 3528 Samnitium
407 3450 511 3526 armis
542 3449 671 3524 defenfi
694 3452 814 3538 essent,
845 3449 878 3523 se
907 3447 972 3525 sub
1000 3449 1149 3549 imperio

167 3571 293 3673 populi
316 3571 472 3646 Romani
490 3570 641 3645 fideliter
652 3591 758 3667 atque
776 3571 982 3646 obedienter
997 3571 1146 3648 futuros.

168 3694 267 3768 Miffi
300 3713 380 3767 tum
419 3694 465 3768 ab
499 3689 617 3764 senatu
655 3689 774 3788 legati,
816 3690 1146 3790 denuntiatumque

53 3879 56 3886 .
167 3813 398 3902 Samnitibus,
425 3829 467 3885 ut
498 3835 621 3884 eorum
655 3810 870 3908 populorum
903 3810 1036 3886 sinibus
1071 3812 1147 3886 vim

167 3934 390 4009 abstinerent.
439 3928 630 4028 Valuitque
647 3955 687 4004 ea
701 3928 843 4028 legatio,
869 3955 942 4003 non
967 3953 1039 4006 tam
1062 3932 1146 4032 quia

167 4081 291 4154 pacem
323 4055 488 4129 volebant
511 4049 695 4138 Samnites,
727 4075 836 4148 quam
866 4042 952 4148 quia
981 4054 1144 4127 nondum

167 4174 275 4271 parati
292 4195 390 4248 etant
404 4175 451 4248 ad
477 4173 638 4248 bellum..
675 4171 816 4244 Eodem
839 4195 933 4244 anno
963 4170 1145 4247 Privernas
