3067 5342
364 698 436 796 326
694 694 1010 768 T.Lrv11

369 869 404 940 dt
429 865 487 939 Μ.
506 863 636 940 Fabius
653 865 853 941 Ambustus
869 863 1033 966 magister
1046 861 1226 964 equitum,
1253 883 1352 938 metu

370 983 538 1084 gravioris
549 983 586 1060 in
602 985 746 1060 Samnio
763 985 849 1061 belli
880 987 1074 1084 (condusta
1088 981 1187 1059 enirn
1202 982 1318 1082 pretio
1333 1009 1356 1057 a

371 1105 534 1181 finitimis
556 1106 727 1204 juventus
755 1105 954 1200 dicebatur)
992 1103 1181 1179 intentiore
1212 1104 1355 1177 deledu

371 1227 508 1316 habito,
550 1227 735 1328 egregium
767 1225 965 1302 exercitum
987 1223 1149 1300 adversus
1180 1221 1355 1300 Samnites

371 1349 563 1424 duxenrnt.
613 1347 733 1422 Castra
760 1347 798 1422 in
812 1347 948 1424 hostico
969 1343 1142 1422 incuriose
1164 1343 1215 1419 ita
1232 1347 1355 1442 polita,

371 1489 555 1568 tamquam
579 1471 706 1568 procul
723 1467 997 1544 abeffetbostis:
1023 1493 1140 1568 quum
1156 1464 1277 1542 subito
1291 1465 1355 1539 ad-

371 1615 499 1664 venere
524 1587 738 1665 Samnitium
762 1589 919 1689 legiones
943 1609 1040 1664 tanta
1055 1586 1197 1674 ferocia,
1222 1607 1265 1660 ut
1282 1587 1356 1659 val·

371 1711 448 1785 lum
482 1708 594 1809 usque
627 1711 673 1784 ad
714 1709 899 1785 stationem
938 1711 1143 1784 Romanam
1175 1704 1356 1780 inferrent.

277 1889 281 1898 .
371 1829 459 1904 Nox
485 1830 561 1926 jam
590 1831 800 1928 adpetebat:
848 1829 889 1904 id
919 1827 1103 1928 probibuit
1131 1825 1357 1902 munimenta

371 1949 512 2024 adoriri.
577 1953 657 2026 Nec
690 1949 962 2037 diffunulabant,
996 1969 1074 2024 otta
1103 1951 1185 2024 luce
1217 1946 1357 2045 postero

372 2067 433 2144 die
450 2067 613 2145 faunos.
663 2068 839 2156 Distator,
863 2067 930 2144 ubi
956 2067 1157 2168 propiorem
1171 2066 1230 2168 spe
1245 2065 1355 2142 dimi-

374 2189 552 2264 cationem
579 2187 684 2277 vidit,
715 2213 760 2262 ne
786 2187 945 2264 militum
961 2187 1085 2262 virtuti
1108 2190 1242 2262 damno
1255 2189 1357 2263 locus

373 2312 469 2398 effet,
516 2309 660 2408 ignibus
686 2307 817 2385 crebris
846 2308 988 2397 relictis,
1028 2308 1094 2408 qui
1125 2289 1360 2407 conspectum

373 2427 530 2503 hostium
565 2427 821 2518 frustrarentur,
862 2429 998 2504 filentio
1022 2429 1179 2530 legiones
1209 2428 1355 2503 educite

373 2573 439 2624 nec
464 2569 582 2624 tamen
607 2547 724 2624 fallere
746 2569 888 2648 propter
909 2548 1212 2650 propinquitatem
1229 2549 1356 2624 castro-

374 2691 454 2743 rum
479 2669 608 2768 potuit.
659 2671 781 2769 Eques
797 2672 978 2768 extemplo
1000 2668 1177 2746 insecutus
1193 2669 1242 2745 ita
1258 2669 1355 2744 insti·

375 2787 420 2864 tit
435 2789 584 2890 agmini,
613 2811 669 2878 ut,
694 2789 810 2864 donec
825 2789 1027 2879 lucesceret,
1060 2790 1196 2890 proelio
1204 2789 1355 2865 abstine·

373 2929 437 2984 ret.
487 2912 546 2984 Ne
560 2909 736 3008 pedestres
753 2909 905 3010 quidem
921 2909 1045 3009 copiae
1060 2931 1141 2985 ante
1155 2913 1275 2986 lucem
1283 2908 1355 2986 eas·

374 3028 436 3106 tris
452 3030 611 3130 egreffae.
663 3033 798 3130 Eques,
824 3032 905 3105 luce
933 3032 1083 3104 demum
1108 3029 1210 3106 ausus
1235 3029 1357 3106 incur·

375 3149 448 3226 sare
464 3148 502 3224 in
525 3141 675 3238 bostem,
701 3151 880 3249 carpendo
905 3150 1118 3239 noviffimos‚
1144 3153 1354 3250 premendo-

375 3294 447 3370 que
478 3267 611 3369 iniquis
637 3270 683 3344 ad
702 3273 883 3344 transitum
911 3270 1010 3360 locis,
1035 3294 1164 3370 agmen
1188 3271 1354 3349 detinuit.

375 3389 521 3464 Interim
547 3391 656 3488 pedes
682 3389 841 3488 equitem
870 3390 1077 3479 adsecutus3
1112 3395 1147 3466 dr
1173 3391 1256 3468 totis
1276 3393 1354 3488 jam

374 3507 487 3606 copiis
520 3509 657 3584 Samnis
688 3513 876 3610 urguebat.
925 3514 1026 3586 Tum
1052 3510 1215 3603 dietator,
1259 3514 1354 3612 post·
1385 3609 1389 3616 ¹

374 3650 486 3726 quarn
501 3629 569 3702 fine
592 3655 724 3729 magno
750 3629 984 3707 incommodo
1008 3632 1174 3733 progredi
1197 3659 1269 3708 non
1290 3659 1355 3734 po-

373 3767 473 3836 terat,
514 3773 599 3822 eum
639 3747 767 3848 ipsum,
810 3751 848 3825 in
881 3777 957 3851 quo
988 3753 1200 3844 constiterat,
1233 3758 1355 3831 locum

374 3867 491 3943 castris
514 3867 677 3942 dimetari
696 3869 804 3966 jussit.
854 3873 898 3946 Id
920 3899 1016 3962 vero,
1047 3872 1264 3951 circumfuso
1285 3902 1353 3950 un·

375 3985 488 4084 dique
521 3987 695 4086 equitatu,
724 4009 767 4064 ut
797 3993 932 4067 vallum
970 4015 1159 4093 peteretur,
1194 3995 1354 4096 opusque

373 4103 557 4207 inciperet,
585 4108 661 4184 fieri
688 4135 760 4184 non
783 4131 929 4210 poterat.
979 4117 1118 4213 Itaque,
1143 4115 1210 4192 ubi
1236 4140 1355 4215 neque
