<?xml version="1.0" encoding="UTF-8"?>
<!DOCTYPE html PUBLIC "-//W3C//DTD XHTML 1.0 Transitional//EN"
    "http://www.w3.org/TR/xhtml1/DTD/xhtml1-transitional.dtd">
<html xmlns="http://www.w3.org/1999/xhtml" xml:lang="en" lang="en">
 <head>
  <title>
</title>
<meta http-equiv="Content-Type" content="text/html;charset=utf-8" />
  <meta name='ocr-system' content='tesseract 3.04.00' />
  <meta name='ocr-capabilities' content='ocr_page ocr_carea ocr_par ocr_line ocrx_word'/>
</head>
<body>
  <div class='ocr_page' id='page_1' title='image "./tliviipatavinih00homegoog_0099.png"; bbox 0 0 3067 5342; ppageno 0'>
   <div class='ocr_carea' id='block_1_1' title="bbox 478 689 1144 787">
    <p class='ocr_par' dir='ltr' id='par_1_1' title="bbox 478 689 1144 787">
     <span class='ocr_line' id='line_1_1' title="bbox 478 689 1144 787; baseline 0.003 -26"><span class='ocrx_word' id='word_1_1' title='bbox 478 689 806 762; x_wconf 79' lang='lat' dir='ltr'>LttnnV.</span> <span class='ocrx_word' id='word_1_2' title='bbox 1102 716 1144 787; x_wconf 89' lang='lat'>91</span> 
     </span>
    </p>
   </div>
   <div class='ocr_carea' id='block_1_2' title="bbox 165 858 1149 1079">
    <p class='ocr_par' dir='ltr' id='par_1_2' title="bbox 165 858 1149 1079">
     <span class='ocr_line' id='line_1_2' title="bbox 165 858 1148 961; baseline 0.002 -27"><span class='ocrx_word' id='word_1_3' title='bbox 165 860 340 935; x_wconf 89' lang='lat' dir='ltr'>“retenti</span> <span class='ocrx_word' id='word_1_4' title='bbox 365 858 508 935; x_wconf 85' lang='lat' dir='ltr'>sumus?</span> <span class='ocrx_word' id='word_1_5' title='bbox 536 864 594 937; x_wconf 91' lang='lat' dir='ltr'>De</span> <span class='ocrx_word' id='word_1_6' title='bbox 619 861 721 938; x_wconf 86' lang='lat' dir='ltr'>sacris</span> <span class='ocrx_word' id='word_1_7' title='bbox 737 861 971 961; x_wconf 86' lang='lat' dir='ltr'>loquimur&amp;</span> <span class='ocrx_word' id='word_1_8' title='bbox 991 863 1036 936; x_wconf 91' lang='lat' dir='ltr'>de</span> <span class='ocrx_word' id='word_1_9' title='bbox 1060 881 1148 937; x_wconf 89' lang='lat' dir='ltr'>tern-</span> 
     </span>
     <span class='ocr_line' id='line_1_3' title="bbox 165 980 1149 1079; baseline 0.001 -23"><span class='ocrx_word' id='word_1_10' title='bbox 165 991 194 1024; x_wconf 92' lang='lat'><strong>“</strong></span> <span class='ocrx_word' id='word_1_11' title='bbox 214 980 304 1077; x_wconf 87' lang='lat' dir='ltr'>plis:</span> <span class='ocrx_word' id='word_1_12' title='bbox 329 980 420 1079; x_wconf 93' lang='lat' dir='ltr'>quid</span> <span class='ocrx_word' id='word_1_13' title='bbox 435 982 584 1055; x_wconf 86' lang='lat' dir='ltr'>tandem·</span> <span class='ocrx_word' id='word_1_14' title='bbox 597 983 642 1056; x_wconf 93' lang='lat' dir='ltr'>de</span> <span class='ocrx_word' id='word_1_15' title='bbox 663 981 927 1057; x_wconf 84' lang='lat' dir='ltr'>sacerdotibus?</span> <span class='ocrx_word' id='word_1_16' title='bbox 960 985 1093 1057; x_wconf 87' lang='lat' dir='ltr'>Nonne</span> <span class='ocrx_word' id='word_1_17' title='bbox 1110 982 1149 1057; x_wconf 94' lang='lat' dir='ltr'>in</span> 
     </span>
    </p>
   </div>
   <div class='ocr_carea' id='block_1_3' title="bbox 164 1100 1271 1199">
    <p class='ocr_par' dir='ltr' id='par_1_3' title="bbox 164 1100 1271 1199">
     <span class='ocr_line' id='line_1_4' title="bbox 164 1100 1271 1199; baseline 0.011 -26"><span class='ocrx_word' id='word_1_18' title='bbox 164 1111 371 1175; x_wconf 91' lang='lat' dir='ltr'>“mentem</span> <span class='ocrx_word' id='word_1_19' title='bbox 393 1100 503 1189; x_wconf 87' lang='lat' dir='ltr'>venit,</span> <span class='ocrx_word' id='word_1_20' title='bbox 530 1121 706 1199; x_wconf 91' lang='lat' dir='ltr'>quantum</span> <span class='ocrx_word' id='word_1_21' title='bbox 730 1100 862 1199; x_wconf 91' lang='lat' dir='ltr'>piaculi</span> <span class='ocrx_word' id='word_1_22' title='bbox 878 1102 1151 1178; x_wconf 84' lang='lat' dir='ltr'>committatur?</span> <span class='ocrx_word' id='word_1_23' title='bbox 1267 1174 1271 1185; x_wconf 92' lang='lat'><em>.</em></span> 
     </span>
    </p>
   </div>
   <div class='ocr_carea' id='block_1_4' title="bbox 164 1220 1161 4201">
    <p class='ocr_par' dir='ltr' id='par_1_4' title="bbox 164 1220 1157 3118">
     <span class='ocr_line' id='line_1_5' title="bbox 164 1220 1150 1321; baseline 0.005 -29"><span class='ocrx_word' id='word_1_24' title='bbox 164 1232 193 1263; x_wconf 92' lang='lat'><strong>“</strong></span> <span class='ocrx_word' id='word_1_25' title='bbox 213 1220 414 1295; x_wconf 88' lang='lat' dir='ltr'>Vestalibus</span> <span class='ocrx_word' id='word_1_26' title='bbox 431 1246 560 1318; x_wconf 86' lang='lat' dir='ltr'>nempe</span> <span class='ocrx_word' id='word_1_27' title='bbox 575 1247 649 1294; x_wconf 87' lang='lat' dir='ltr'>una</span> <span class='ocrx_word' id='word_1_28' title='bbox 664 1220 724 1294; x_wconf 88' lang='lat' dir='ltr'>illa</span> <span class='ocrx_word' id='word_1_29' title='bbox 737 1220 834 1295; x_wconf 89' lang='lat' dir='ltr'>sedes</span> <span class='ocrx_word' id='word_1_30' title='bbox 851 1222 913 1309; x_wconf 91' lang='lat' dir='ltr'>est,</span> <span class='ocrx_word' id='word_1_31' title='bbox 944 1248 989 1295; x_wconf 84' lang='lat' dir='ltr'>ex</span> <span class='ocrx_word' id='word_1_32' title='bbox 1006 1247 1078 1321; x_wconf 83' lang='lat' dir='ltr'>qua</span> <span class='ocrx_word' id='word_1_33' title='bbox 1093 1250 1150 1297; x_wconf 88' lang='lat' dir='ltr'>eas</span> 
     </span>
     <span class='ocr_line' id='line_1_6' title="bbox 164 1339 1152 1440; baseline 0.003 -27"><span class='ocrx_word' id='word_1_34' title='bbox 164 1351 195 1383; x_wconf 91' lang='lat'><strong>“</strong></span> <span class='ocrx_word' id='word_1_35' title='bbox 213 1339 306 1413; x_wconf 87' lang='lat' dir='ltr'>nihil</span> <span class='ocrx_word' id='word_1_36' title='bbox 322 1365 511 1440; x_wconf 91' lang='lat' dir='ltr'>umquam,</span> <span class='ocrx_word' id='word_1_37' title='bbox 534 1362 779 1439; x_wconf 81' lang='lat' dir='ltr'>praeterquam</span> <span class='ocrx_word' id='word_1_38' title='bbox 793 1344 878 1415; x_wconf 88' lang='lat' dir='ltr'>urbs</span> <span class='ocrx_word' id='word_1_39' title='bbox 895 1362 1009 1438; x_wconf 86' lang='lat' dir='ltr'>capta,</span> <span class='ocrx_word' id='word_1_40' title='bbox 1027 1342 1152 1417; x_wconf 88' lang='lat' dir='ltr'>movit.</span> 
     </span>
     <span class='ocr_line' id='line_1_7' title="bbox 166 1459 1154 1536; baseline 0.002 -2"><span class='ocrx_word' id='word_1_41' title='bbox 166 1459 372 1534; x_wconf 90' lang='lat' dir='ltr'>“Flamini</span> <span class='ocrx_word' id='word_1_42' title='bbox 396 1459 494 1535; x_wconf 92' lang='lat' dir='ltr'>Diali</span> <span class='ocrx_word' id='word_1_43' title='bbox 514 1462 657 1535; x_wconf 68' lang='lat' dir='ltr'>nostem</span> <span class='ocrx_word' id='word_1_44' title='bbox 683 1485 793 1535; x_wconf 90' lang='lat' dir='ltr'>unam</span> <span class='ocrx_word' id='word_1_45' title='bbox 817 1486 957 1535; x_wconf 80' lang='lat' dir='ltr'>manere</span> <span class='ocrx_word' id='word_1_46' title='bbox 981 1482 1078 1535; x_wconf 85' lang='lat' dir='ltr'>extra</span> <span class='ocrx_word' id='word_1_47' title='bbox 1095 1488 1154 1536; x_wconf 91' lang='lat' dir='ltr'>ur-</span> 
     </span>
     <span class='ocr_line' id='line_1_8' title="bbox 167 1578 1153 1678; baseline 0.001 -23"><span class='ocrx_word' id='word_1_48' title='bbox 167 1590 194 1624; x_wconf 88' lang='lat'><strong>“</strong></span> <span class='ocrx_word' id='word_1_49' title='bbox 213 1584 300 1655; x_wconf 89' lang='lat' dir='ltr'>bem</span> <span class='ocrx_word' id='word_1_50' title='bbox 317 1578 414 1654; x_wconf 85' lang='lat' dir='ltr'>nefas</span> <span class='ocrx_word' id='word_1_51' title='bbox 428 1580 489 1653; x_wconf 88' lang='lat' dir='ltr'>est.</span> <span class='ocrx_word' id='word_1_52' title='bbox 539 1581 621 1653; x_wconf 89' lang='lat' dir='ltr'>Hos</span> <span class='ocrx_word' id='word_1_53' title='bbox 635 1579 798 1676; x_wconf 88' lang='lat' dir='ltr'>Vejentes</span> <span class='ocrx_word' id='word_1_54' title='bbox 810 1604 876 1678; x_wconf 90' lang='lat' dir='ltr'>pto</span> <span class='ocrx_word' id='word_1_55' title='bbox 893 1579 1067 1655; x_wconf 87' lang='lat' dir='ltr'>Romanis</span> <span class='ocrx_word' id='word_1_56' title='bbox 1081 1579 1153 1656; x_wconf 91' lang='lat' dir='ltr'>sac-</span> 
     </span>
     <span class='ocr_line' id='line_1_9' title="bbox 168 1698 1153 1792; baseline 0.004 -19"><span class='ocrx_word' id='word_1_57' title='bbox 168 1710 195 1743; x_wconf 92' lang='lat'>“</span> <span class='ocrx_word' id='word_1_58' title='bbox 215 1700 288 1773; x_wconf 93' lang='lat' dir='ltr'>turi</span> <span class='ocrx_word' id='word_1_59' title='bbox 305 1699 384 1774; x_wconf 89' lang='lat' dir='ltr'>estis</span> <span class='ocrx_word' id='word_1_60' title='bbox 398 1698 604 1786; x_wconf 86' lang='lat' dir='ltr'>sacerdotes,</span> <span class='ocrx_word' id='word_1_61' title='bbox 620 1703 654 1771; x_wconf 87' lang='lat'>&amp;</span> <span class='ocrx_word' id='word_1_62' title='bbox 666 1699 820 1773; x_wconf 83' lang='lat' dir='ltr'>Vestales</span> <span class='ocrx_word' id='word_1_63' title='bbox 837 1720 917 1773; x_wconf 90' lang='lat' dir='ltr'>tuae</span> <span class='ocrx_word' id='word_1_64' title='bbox 935 1721 968 1775; x_wconf 91' lang='lat' dir='ltr'>te</span> <span class='ocrx_word' id='word_1_65' title='bbox 983 1699 1153 1792; x_wconf 86' lang='lat' dir='ltr'>deserent,</span> 
     </span>
     <span class='ocr_line' id='line_1_10' title="bbox 170 1819 1153 1921; baseline 0.002 -28"><span class='ocrx_word' id='word_1_66' title='bbox 170 1830 197 1865; x_wconf 91' lang='lat'><strong>“</strong></span> <span class='ocrx_word' id='word_1_67' title='bbox 219 1820 352 1895; x_wconf 89' lang='lat' dir='ltr'>Vesta?</span> <span class='ocrx_word' id='word_1_68' title='bbox 381 1824 415 1895; x_wconf 87' lang='lat'>&amp;</span> <span class='ocrx_word' id='word_1_69' title='bbox 432 1823 561 1893; x_wconf 80' lang='lat' dir='ltr'>flamen</span> <span class='ocrx_word' id='word_1_70' title='bbox 576 1843 721 1917; x_wconf 87' lang='lat' dir='ltr'>peregre</span> <span class='ocrx_word' id='word_1_71' title='bbox 738 1819 933 1895; x_wconf 83' lang='lat' dir='ltr'>habitando</span> <span class='ocrx_word' id='word_1_72' title='bbox 950 1820 988 1895; x_wconf 93' lang='lat' dir='ltr'>in</span> <span class='ocrx_word' id='word_1_73' title='bbox 1005 1823 1153 1921; x_wconf 83' lang='lat' dir='ltr'>singulas</span> 
     </span>
     <span class='ocr_line' id='line_1_11' title="bbox 168 1938 1153 2039; baseline 0.003 -26"><span class='ocrx_word' id='word_1_74' title='bbox 168 1952 196 1985; x_wconf 87' lang='lat'><strong>“</strong></span> <span class='ocrx_word' id='word_1_75' title='bbox 215 1942 339 2015; x_wconf 71' lang='lat' dir='ltr'>nostes</span> <span class='ocrx_word' id='word_1_76' title='bbox 357 1960 496 2013; x_wconf 91' lang='lat' dir='ltr'>tantum</span> <span class='ocrx_word' id='word_1_77' title='bbox 519 1938 582 2013; x_wconf 88' lang='lat' dir='ltr'>srbi</span> <span class='ocrx_word' id='word_1_78' title='bbox 597 1938 720 2037; x_wconf 93' lang='lat' dir='ltr'>reique</span> <span class='ocrx_word' id='word_1_79' title='bbox 737 1940 902 2037; x_wconf 84' lang='lat' dir='ltr'>publicae</span> <span class='ocrx_word' id='word_1_80' title='bbox 919 1940 1051 2039; x_wconf 86' lang='lat' dir='ltr'>piaculi</span> <span class='ocrx_word' id='word_1_81' title='bbox 1068 1968 1153 2017; x_wconf 90' lang='lat' dir='ltr'>con·</span> 
     </span>
     <span class='ocr_line' id='line_1_12' title="bbox 170 2058 1156 2161; baseline 0.001 -27"><span class='ocrx_word' id='word_1_82' title='bbox 170 2072 197 2105; x_wconf 90' lang='lat'><strong>“</strong></span> <span class='ocrx_word' id='word_1_83' title='bbox 217 2063 358 2135; x_wconf 84' lang='lat' dir='ltr'>trahet?</span> <span class='ocrx_word' id='word_1_84' title='bbox 375 2058 478 2161; x_wconf 82' lang='lat' dir='ltr'>Qtid</span> <span class='ocrx_word' id='word_1_85' title='bbox 491 2058 571 2147; x_wconf 87' lang='lat' dir='ltr'>alia,</span> <span class='ocrx_word' id='word_1_86' title='bbox 584 2084 676 2156; x_wconf 88' lang='lat' dir='ltr'>quae</span> <span class='ocrx_word' id='word_1_87' title='bbox 690 2058 869 2157; x_wconf 86' lang='lat' dir='ltr'>auspicato</span> <span class='ocrx_word' id='word_1_88' title='bbox 882 2058 1021 2160; x_wconf 86' lang='lat' dir='ltr'>agimus</span> <span class='ocrx_word' id='word_1_89' title='bbox 1034 2062 1156 2137; x_wconf 88' lang='lat' dir='ltr'>omnia</span> 
     </span>
     <span class='ocr_line' id='line_1_13' title="bbox 170 2177 1154 2277; baseline 0.002 -23"><span class='ocrx_word' id='word_1_90' title='bbox 170 2192 197 2225; x_wconf 75' lang='lat'>‘⁸</span> <span class='ocrx_word' id='word_1_91' title='bbox 216 2180 288 2255; x_wconf 86' lang='lat' dir='ltr'>sere</span> <span class='ocrx_word' id='word_1_92' title='bbox 314 2179 406 2256; x_wconf 89' lang='lat' dir='ltr'>intra</span> <span class='ocrx_word' id='word_1_93' title='bbox 433 2178 673 2277; x_wconf 90' lang='lat' dir='ltr'>pomoerium,</span> <span class='ocrx_word' id='word_1_94' title='bbox 704 2177 765 2253; x_wconf 90' lang='lat' dir='ltr'>cui</span> <span class='ocrx_word' id='word_1_95' title='bbox 788 2178 976 2267; x_wconf 90' lang='lat' dir='ltr'>oblivioni,</span> <span class='ocrx_word' id='word_1_96' title='bbox 1002 2202 1064 2256; x_wconf 85' lang='lat' dir='ltr'>aut</span> <span class='ocrx_word' id='word_1_97' title='bbox 1093 2182 1154 2257; x_wconf 91' lang='lat' dir='ltr'>cui</span> 
     </span>
     <span class='ocr_line' id='line_1_14' title="bbox 170 2296 1154 2399; baseline 0.002 -26"><span class='ocrx_word' id='word_1_98' title='bbox 170 2311 197 2345; x_wconf 92' lang='lat'><strong>“</strong></span> <span class='ocrx_word' id='word_1_99' title='bbox 217 2296 460 2399; x_wconf 87' lang='lat' dir='ltr'>neglegentiae</span> <span class='ocrx_word' id='word_1_100' title='bbox 470 2300 624 2373; x_wconf 85' lang='lat' dir='ltr'>damus?</span> <span class='ocrx_word' id='word_1_101' title='bbox 642 2297 800 2373; x_wconf 86' lang='lat' dir='ltr'>Comitia</span> <span class='ocrx_word' id='word_1_102' title='bbox 813 2298 959 2387; x_wconf 84' lang='lat' dir='ltr'>curiata,</span> <span class='ocrx_word' id='word_1_103' title='bbox 973 2325 1065 2398; x_wconf 88' lang='lat' dir='ltr'>quae</span> <span class='ocrx_word' id='word_1_104' title='bbox 1079 2328 1154 2375; x_wconf 91' lang='lat' dir='ltr'>rem</span> 
     </span>
     <span class='ocr_line' id='line_1_15' title="bbox 171 2416 1155 2519; baseline 0.002 -26"><span class='ocrx_word' id='word_1_105' title='bbox 171 2418 408 2493; x_wconf 85' lang='lat' dir='ltr'>“militarem</span> <span class='ocrx_word' id='word_1_106' title='bbox 436 2416 643 2505; x_wconf 80' lang='lat' dir='ltr'>continent3</span> <span class='ocrx_word' id='word_1_107' title='bbox 674 2418 820 2493; x_wconf 85' lang='lat' dir='ltr'>comitia</span> <span class='ocrx_word' id='word_1_108' title='bbox 837 2420 1044 2509; x_wconf 85' lang='lat' dir='ltr'>centuriata,</span> <span class='ocrx_word' id='word_1_109' title='bbox 1074 2422 1155 2519; x_wconf 92' lang='lat' dir='ltr'>qui-</span> 
     </span>
     <span class='ocr_line' id='line_1_16' title="bbox 172 2537 1156 2636; baseline -0.001 -22"><span class='ocrx_word' id='word_1_110' title='bbox 172 2543 285 2615; x_wconf 90' lang='lat' dir='ltr'>“bus</span> <span class='ocrx_word' id='word_1_111' title='bbox 306 2538 465 2613; x_wconf 89' lang='lat' dir='ltr'>consules</span> <span class='ocrx_word' id='word_1_112' title='bbox 484 2537 716 2636; x_wconf 91' lang='lat' dir='ltr'>tribunosque</span> <span class='ocrx_word' id='word_1_113' title='bbox 738 2538 906 2613; x_wconf 87' lang='lat' dir='ltr'>militares</span> <span class='ocrx_word' id='word_1_114' title='bbox 923 2540 1058 2628; x_wconf 91' lang='lat' dir='ltr'>creatis,</span> <span class='ocrx_word' id='word_1_115' title='bbox 1090 2540 1156 2615; x_wconf 91' lang='lat' dir='ltr'>ubi</span> 
     </span>
     <span class='ocr_line' id='line_1_17' title="bbox 172 2656 1156 2757; baseline 0 -25"><span class='ocrx_word' id='word_1_116' title='bbox 172 2670 199 2704; x_wconf 94' lang='lat'><strong>“</strong></span> <span class='ocrx_word' id='word_1_117' title='bbox 216 2657 409 2756; x_wconf 86' lang='lat' dir='ltr'>auspicato,</span> <span class='ocrx_word' id='word_1_118' title='bbox 421 2656 482 2732; x_wconf 81' lang='lat' dir='ltr'>nist</span> <span class='ocrx_word' id='word_1_119' title='bbox 491 2658 557 2734; x_wconf 92' lang='lat' dir='ltr'>ubi</span> <span class='ocrx_word' id='word_1_120' title='bbox 564 2657 734 2746; x_wconf 86' lang='lat' dir='ltr'>adsolent,</span> <span class='ocrx_word' id='word_1_121' title='bbox 744 2659 819 2733; x_wconf 87' lang='lat' dir='ltr'>fieri</span> <span class='ocrx_word' id='word_1_122' title='bbox 830 2662 992 2757; x_wconf 82' lang='lat' dir='ltr'>possunt?</span> <span class='ocrx_word' id='word_1_123' title='bbox 1008 2658 1156 2755; x_wconf 90' lang='lat' dir='ltr'>Vejosne</span> 
     </span>
     <span class='ocr_line' id='line_1_18' title="bbox 173 2778 1156 2875; baseline -0.002 -21"><span class='ocrx_word' id='word_1_124' title='bbox 173 2790 199 2824; x_wconf 92' lang='lat'>“</span> <span class='ocrx_word' id='word_1_125' title='bbox 218 2782 306 2854; x_wconf 84' lang='lat' dir='ltr'>haec</span> <span class='ocrx_word' id='word_1_126' title='bbox 328 2778 600 2853; x_wconf 84' lang='lat' dir='ltr'>transferemus?</span> <span class='ocrx_word' id='word_1_127' title='bbox 637 2804 683 2853; x_wconf 88' lang='lat' dir='ltr'>an</span> <span class='ocrx_word' id='word_1_128' title='bbox 706 2778 934 2857; x_wconf 87' lang='lat' dir='ltr'>comitiorum</span> <span class='ocrx_word' id='word_1_129' title='bbox 960 2780 1075 2853; x_wconf 85' lang='lat' dir='ltr'>cauffa</span> <span class='ocrx_word' id='word_1_130' title='bbox 1092 2804 1156 2875; x_wconf 92' lang='lat' dir='ltr'>po-</span> 
     </span>
     <span class='ocr_line' id='line_1_19' title="bbox 173 2897 1157 2998; baseline 0.002 -26"><span class='ocrx_word' id='word_1_131' title='bbox 173 2910 200 2943; x_wconf 90' lang='lat'><strong>“</strong></span> <span class='ocrx_word' id='word_1_132' title='bbox 216 2900 323 2998; x_wconf 90' lang='lat' dir='ltr'>pulus</span> <span class='ocrx_word' id='word_1_133' title='bbox 347 2919 444 2973; x_wconf 88' lang='lat' dir='ltr'>tanto</span> <span class='ocrx_word' id='word_1_134' title='bbox 463 2898 696 2973; x_wconf 85' lang='lat' dir='ltr'>incommodo</span> <span class='ocrx_word' id='word_1_135' title='bbox 728 2898 766 2972; x_wconf 91' lang='lat' dir='ltr'>in</span> <span class='ocrx_word' id='word_1_136' title='bbox 793 2897 963 2975; x_wconf 88' lang='lat' dir='ltr'>desertam</span> <span class='ocrx_word' id='word_1_137' title='bbox 993 2902 1083 2973; x_wconf 90' lang='lat' dir='ltr'>hanc</span> <span class='ocrx_word' id='word_1_138' title='bbox 1111 2903 1157 2974; x_wconf 89' lang='lat' dir='ltr'>ab</span> 
     </span>
     <span class='ocr_line' id='line_1_20' title="bbox 175 3017 987 3118; baseline -0.002 -22"><span class='ocrx_word' id='word_1_139' title='bbox 175 3031 201 3065; x_wconf 92' lang='lat'>“</span> <span class='ocrx_word' id='word_1_140' title='bbox 221 3020 303 3096; x_wconf 94' lang='lat' dir='ltr'>Diis</span> <span class='ocrx_word' id='word_1_141' title='bbox 319 3019 596 3118; x_wconf 91' lang='lat' dir='ltr'>hominibusque</span> <span class='ocrx_word' id='word_1_142' title='bbox 610 3022 736 3095; x_wconf 88' lang='lat' dir='ltr'>urbem</span> <span class='ocrx_word' id='word_1_143' title='bbox 751 3017 938 3093; x_wconf 87' lang='lat' dir='ltr'>conveniet</span> <span class='ocrx_word' id='word_1_144' title='bbox 951 3022 987 3094; x_wconf 84' lang='lat'>?&#39;&#39;</span> 
     </span>
    </p>

    <p class='ocr_par' dir='ltr' id='par_1_5' title="bbox 175 3138 1161 4201">
     <span class='ocr_line' id='line_1_21' title="bbox 223 3138 1158 3238; baseline 0 -25"><span class='ocrx_word' id='word_1_145' title='bbox 223 3141 326 3213; x_wconf 87' lang='lat' dir='ltr'><strong>LIII.</strong></span> <span class='ocrx_word' id='word_1_146' title='bbox 363 3142 478 3215; x_wconf 89' lang='lat' dir='ltr'>“Sed</span> <span class='ocrx_word' id='word_1_147' title='bbox 507 3166 559 3213; x_wconf 91' lang='lat' dir='ltr'>tes</span> <span class='ocrx_word' id='word_1_148' title='bbox 586 3138 660 3238; x_wconf 88' lang='lat' dir='ltr'>ipsa</span> <span class='ocrx_word' id='word_1_149' title='bbox 691 3138 790 3238; x_wconf 84' lang='lat' dir='ltr'>cogit</span> <span class='ocrx_word' id='word_1_150' title='bbox 817 3138 949 3214; x_wconf 85' lang='lat' dir='ltr'>vastam</span> <span class='ocrx_word' id='word_1_151' title='bbox 983 3138 1158 3215; x_wconf 89' lang='lat' dir='ltr'>incendiis</span> 
     </span>
     <span class='ocr_line' id='line_1_22' title="bbox 175 3258 1158 3361; baseline -0.001 -27"><span class='ocrx_word' id='word_1_152' title='bbox 175 3270 201 3305; x_wconf 86' lang='lat'><strong>“</strong></span> <span class='ocrx_word' id='word_1_153' title='bbox 219 3258 401 3358; x_wconf 88' lang='lat' dir='ltr'>ruinisque</span> <span class='ocrx_word' id='word_1_154' title='bbox 430 3259 627 3357; x_wconf 88' lang='lat' dir='ltr'>relinquere</span> <span class='ocrx_word' id='word_1_155' title='bbox 643 3262 785 3348; x_wconf 89' lang='lat' dir='ltr'>urbem,</span> <span class='ocrx_word' id='word_1_156' title='bbox 808 3263 841 3333; x_wconf 87' lang='lat'>&amp;</span> <span class='ocrx_word' id='word_1_157' title='bbox 867 3262 913 3334; x_wconf 88' lang='lat' dir='ltr'>ad</span> <span class='ocrx_word' id='word_1_158' title='bbox 931 3258 1065 3361; x_wconf 88' lang='lat' dir='ltr'>integra</span> <span class='ocrx_word' id='word_1_159' title='bbox 1081 3286 1158 3333; x_wconf 86' lang='lat' dir='ltr'>orn-</span> 
     </span>
     <span class='ocr_line' id='line_1_23' title="bbox 176 3378 1159 3479; baseline 0 -26"><span class='ocrx_word' id='word_1_160' title='bbox 176 3390 202 3424; x_wconf 88' lang='lat'><strong>“</strong></span> <span class='ocrx_word' id='word_1_161' title='bbox 220 3380 281 3453; x_wconf 91' lang='lat' dir='ltr'>nia</span> <span class='ocrx_word' id='word_1_162' title='bbox 299 3381 403 3476; x_wconf 89' lang='lat' dir='ltr'>Vejos</span> <span class='ocrx_word' id='word_1_163' title='bbox 423 3379 586 3479; x_wconf 88' lang='lat' dir='ltr'>migrare,</span> <span class='ocrx_word' id='word_1_164' title='bbox 609 3406 675 3455; x_wconf 90' lang='lat' dir='ltr'>nec</span> <span class='ocrx_word' id='word_1_165' title='bbox 691 3378 751 3454; x_wconf 91' lang='lat' dir='ltr'>hic</span> <span class='ocrx_word' id='word_1_166' title='bbox 769 3378 991 3455; x_wconf 84' lang='lat' dir='ltr'>aedificando</span> <span class='ocrx_word' id='word_1_167' title='bbox 1013 3380 1159 3478; x_wconf 88' lang='lat' dir='ltr'>inopem</span> 
     </span>
     <span class='ocr_line' id='line_1_24' title="bbox 176 3500 1159 3600; baseline 0.002 -27"><span class='ocrx_word' id='word_1_168' title='bbox 176 3502 364 3599; x_wconf 91' lang='lat' dir='ltr'>“plebem</span> <span class='ocrx_word' id='word_1_169' title='bbox 400 3525 537 3575; x_wconf 84' lang='lat' dir='ltr'>vexare.</span> <span class='ocrx_word' id='word_1_170' title='bbox 601 3502 709 3574; x_wconf 88' lang='lat' dir='ltr'>Hanc</span> <span class='ocrx_word' id='word_1_171' title='bbox 742 3520 862 3574; x_wconf 89' lang='lat' dir='ltr'>autem</span> <span class='ocrx_word' id='word_1_172' title='bbox 892 3500 1016 3596; x_wconf 73' lang='lat' dir='ltr'>jasteri</span> <span class='ocrx_word' id='word_1_173' title='bbox 1047 3500 1159 3600; x_wconf 87' lang='lat' dir='ltr'>magis</span> 
     </span>
     <span class='ocr_line' id='line_1_25' title="bbox 177 3620 1158 3719; baseline 0.001 -25"><span class='ocrx_word' id='word_1_174' title='bbox 177 3630 203 3664; x_wconf 91' lang='lat'><strong>“</strong></span> <span class='ocrx_word' id='word_1_175' title='bbox 218 3622 384 3707; x_wconf 85' lang='lat' dir='ltr'>caussam,</span> <span class='ocrx_word' id='word_1_176' title='bbox 409 3645 520 3717; x_wconf 87' lang='lat' dir='ltr'>quam</span> <span class='ocrx_word' id='word_1_177' title='bbox 544 3646 662 3693; x_wconf 86' lang='lat' dir='ltr'>veram</span> <span class='ocrx_word' id='word_1_178' title='bbox 682 3621 762 3707; x_wconf 87' lang='lat' dir='ltr'>effe,</span> <span class='ocrx_word' id='word_1_179' title='bbox 784 3640 827 3694; x_wconf 90' lang='lat' dir='ltr'>ut</span> <span class='ocrx_word' id='word_1_180' title='bbox 845 3646 913 3719; x_wconf 90' lang='lat' dir='ltr'>ego</span> <span class='ocrx_word' id='word_1_181' title='bbox 931 3646 1004 3695; x_wconf 94' lang='lat' dir='ltr'>non</span> <span class='ocrx_word' id='word_1_182' title='bbox 1027 3620 1158 3710; x_wconf 86' lang='lat' dir='ltr'>dicam,</span> 
     </span>
     <span class='ocr_line' id='line_1_26' title="bbox 179 3738 1158 3841; baseline 0.001 -28"><span class='ocrx_word' id='word_1_183' title='bbox 179 3750 204 3784; x_wconf 93' lang='lat'><strong>“</strong></span> <span class='ocrx_word' id='word_1_184' title='bbox 223 3741 388 3837; x_wconf 88' lang='lat' dir='ltr'>adparere</span> <span class='ocrx_word' id='word_1_185' title='bbox 404 3740 520 3827; x_wconf 84' lang='lat' dir='ltr'>vobis,</span> <span class='ocrx_word' id='word_1_186' title='bbox 534 3738 706 3841; x_wconf 83' lang='lat' dir='ltr'>Qrirites,</span> <span class='ocrx_word' id='word_1_187' title='bbox 724 3760 833 3836; x_wconf 87' lang='lat' dir='ltr'>puto;</span> <span class='ocrx_word' id='word_1_188' title='bbox 854 3739 919 3837; x_wconf 91' lang='lat' dir='ltr'>qui</span> <span class='ocrx_word' id='word_1_189' title='bbox 935 3740 1158 3828; x_wconf 86' lang='lat' dir='ltr'>meministis,</span> 
     </span>
     <span class='ocr_line' id='line_1_27' title="bbox 179 3858 1160 3956; baseline -0.001 -22"><span class='ocrx_word' id='word_1_190' title='bbox 179 3870 301 3934; x_wconf 90' lang='lat' dir='ltr'>“ante</span> <span class='ocrx_word' id='word_1_191' title='bbox 320 3862 508 3934; x_wconf 89' lang='lat' dir='ltr'>Gallorum</span> <span class='ocrx_word' id='word_1_192' title='bbox 529 3862 738 3948; x_wconf 85' lang='lat' dir='ltr'>adventum,</span> <span class='ocrx_word' id='word_1_193' title='bbox 768 3858 867 3935; x_wconf 87' lang='lat' dir='ltr'>salvis</span> <span class='ocrx_word' id='word_1_194' title='bbox 887 3859 988 3933; x_wconf 68' lang='lat' dir='ltr'>testis</span> <span class='ocrx_word' id='word_1_195' title='bbox 1005 3858 1160 3956; x_wconf 89' lang='lat' dir='ltr'>publicis</span> 
     </span>
     <span class='ocr_line' id='line_1_28' title="bbox 179 3978 1160 4078; baseline 0.001 -25"><span class='ocrx_word' id='word_1_196' title='bbox 179 3990 204 4022; x_wconf 94' lang='lat'><strong>“</strong></span> <span class='ocrx_word' id='word_1_197' title='bbox 222 3978 448 4078; x_wconf 88' lang='lat' dir='ltr'>privatisque,</span> <span class='ocrx_word' id='word_1_198' title='bbox 462 3979 572 4054; x_wconf 90' lang='lat' dir='ltr'>stante</span> <span class='ocrx_word' id='word_1_199' title='bbox 583 3978 757 4058; x_wconf 91' lang='lat' dir='ltr'>incolumi</span> <span class='ocrx_word' id='word_1_200' title='bbox 774 3982 877 4067; x_wconf 88' lang='lat' dir='ltr'>urbe,</span> <span class='ocrx_word' id='word_1_201' title='bbox 891 3982 981 4054; x_wconf 90' lang='lat' dir='ltr'>hanc</span> <span class='ocrx_word' id='word_1_202' title='bbox 996 3981 1160 4055; x_wconf 83' lang='lat' dir='ltr'>eamdem</span> 
     </span>
     <span class='ocr_line' id='line_1_29' title="bbox 181 4098 1161 4201; baseline 0.002 -29"><span class='ocrx_word' id='word_1_203' title='bbox 181 4109 205 4142; x_wconf 90' lang='lat'><strong>“</strong></span> <span class='ocrx_word' id='word_1_204' title='bbox 224 4124 298 4174; x_wconf 87' lang='lat' dir='ltr'>rem</span> <span class='ocrx_word' id='word_1_205' title='bbox 315 4101 430 4175; x_wconf 70' lang='lat' dir='ltr'>aelam</span> <span class='ocrx_word' id='word_1_206' title='bbox 444 4101 524 4188; x_wconf 86' lang='lat' dir='ltr'>effe,</span> <span class='ocrx_word' id='word_1_207' title='bbox 548 4120 590 4177; x_wconf 93' lang='lat' dir='ltr'>ut</span> <span class='ocrx_word' id='word_1_208' title='bbox 606 4101 712 4198; x_wconf 88' lang='lat' dir='ltr'>Vejos</span> <span class='ocrx_word' id='word_1_209' title='bbox 729 4098 1062 4201; x_wconf 85' lang='lat' dir='ltr'>transmigraremus.</span> <span class='ocrx_word' id='word_1_210' title='bbox 1113 4102 1161 4175; x_wconf 90' lang='lat' dir='ltr'>Et</span> 
     </span>
    </p>
   </div>
   <div class='ocr_carea' id='block_1_5' title="bbox 0 0 1563 5342">
    <p class='ocr_par' dir='ltr' id='par_1_6' title="bbox 0 0 1563 5342">
     <span class='ocr_line' id='line_1_30' title="bbox 0 0 1563 5342; baseline 0 0"><span class='ocrx_word' id='word_1_211' title='bbox 0 0 1563 5342; x_wconf 95' lang='lat' dir='ltr'> </span> 
     </span>
    </p>
   </div>
  </div>
 </body>
</html>
