3067 5342
391 695 464 773 330
674 669 723 744 T.
772 671 1105 761 Lrvrr,&c.

391 856 417 892 “
435 845 589 920 rentur.''
663 843 820 920 Feciales
861 846 1033 932 Romam,
1069 863 1113 917 ut
1149 840 1375 932 censuerunt,

390 963 493 1053 miffi,
527 969 562 1040 n
579 989 708 1065 corpus
728 964 868 1040 Brutuli
885 964 1065 1040 exanimes
1097 962 1168 1063 ipse
1183 985 1298 1038 morte
1311 991 1376 1040 vo-

391 1083 541 1161 luntaria
570 1083 789 1186 ignominiae
826 1083 861 1160 se
900 1111 942 1160 ac
981 1083 1155 1184 supplicio
1191 1083 1376 1160 subtraxit.

391 1205 533 1282 Placuit
571 1231 656 1282 cum
689 1231 836 1305 corpore
867 1209 963 1281 bona
992 1229 1141 1304 quoque
1172 1205 1247 1301 ejus
1275 1207 1377 1282 dedi.

392 1326 498 1406 Nihil
528 1349 648 1402 tamen
674 1353 795 1402 earum
822 1351 952 1416 rerum,
979 1347 1115 1424 praeter
1136 1325 1308 1424 captivos,
1334 1353 1378 1403 ac

391 1451 414 1522 fi
448 1475 520 1548 qua
553 1446 699 1548 cognita
731 1471 776 1520 ex
805 1447 936 1545 praeda
966 1444 1060 1534 sunt,
1089 1468 1279 1544 acceptum
1305 1448 1376 1523 ests

391 1587 587 1644 ceterarum
604 1593 722 1642 rerum
739 1565 837 1642 irrita
860 1564 930 1641 sirit
945 1565 1094 1642 deditio.
1144 1565 1308 1644 Dictator
1330 1593 1378 1644 ex

390 1684 685 1763 senatusconsulto
702 1683 944 1784 triumphavit.
994 1687 1082 1760 Hoc
1099 1688 1236 1762 bellurn
1253 1716 1275 1763 a
1290 1715 1379 1765 con.

390 1807 525 1884 sulibus
546 1808 732 1895 bellatum,
762 1804 912 1906 quidam
938 1809 1098 1881 tumores
1123 1805 1218 1897 sunt,
1243 1806 1379 1909 eosque

390 1929 436 2004 de
466 1926 686 2003 Samnitibus
712 1925 964 2025 triumphasse:
1012 1925 1167 2002 Fabium
1196 1928 1304 2003 etiam
1338 1929 1378 2004 in

391 2047 562 2147 Apuliam
584 2049 788 2148 processisse,
819 2069 926 2146 atque
956 2045 1041 2122 inde
1063 2073 1209 2148 magnas
1227 2050 1377 2148 praedas

391 2168 507 2270 egisse.

440 2290 524 2364 XL.
558 2289 639 2361 Nec
673 2285 858 2386 discrepat,
901 2287 990 2387 quin
1023 2287 1175 2364 disiator
1203 2315 1246 2364 eo
1279 2317 1377 2368 anno

392 2413 439 2483 A.
462 2405 648 2481 Cornelius
674 2403 794 2482 fuerit.
843 2408 888 2482 Id
913 2407 1121 2508 ambigitur,
1157 2409 1287 2486 belline
1314 2437 1377 2512 ge-

263 2601 273 2631 l
392 2525 492 2604 rendi
519 2527 634 2602 cauffo
659 2549 795 2602 creatus
828 2532 885 2615 srt3
912 2554 958 2603 an
987 2550 1029 2602 ut
1061 2531 1156 2618 esset,
1188 2530 1253 2630 qui
1277 2531 1375 2608 ludis

392 2647 579 2736 Romanis,
606 2647 692 2747 quia
718 2651 764 2722 L.
788 2647 948 2724 Plautius
971 2669 1109 2748 praetor
1131 2650 1228 2749 gravi
1245 2655 1376 2728 morbo

391 2769 480 2845 forte
503 2767 685 2868 inplicitus
708 2788 793 2856 erat,
820 2771 958 2868 sgnum
986 2769 1171 2846 mittendis
1191 2771 1377 2872 quadrigis

390 2892 506 2977 darem
536 2886 749 2987 functusque
766 2914 811 2963 eo
838 2888 936 2964 haud
956 2886 1034 2964 sane
1062 2893 1285 2967 memorandi
1305 2893 1375 2968 im·

391 3009 480 3112 perii
502 3007 710 3097 ministerio,
737 3007 771 3082 se
790 3007 965 3084 distatnra
984 3009 1175 3086 abdicaret.
1225 3014 1306 3087 Nec
1322 3013 1375 3089 sa·

391 3131 459 3208 cile
473 3129 536 3218 est,
562 3148 624 3202 aut
643 3154 718 3202 rem
739 3127 803 3218 rei,
832 3149 894 3203 aut
919 3131 1099 3205 tutiorem
1123 3131 1257 3207 auctori
1274 3159 1374 3234 prae·

391 3252 489 3327 ferre.
540 3247 709 3324 Vitiatam
738 3247 949 3322 memoriam
974 3247 1183 3327 funebribus
1203 3252 1374 3331 laudibus

295 3387 298 3392 '
389 3396 477 3460 reor,
502 3367 657 3468 salsrsque
678 3367 879 3469 imaginum
900 3367 1026 3458 titulis,
1056 3372 1147 3446 dum
1169 3371 1304 3449 familia
1324 3377 1373 3450 ad

389 3488 423 3565 se
450 3515 612 3590 quaeque
629 3487 760 3564 samam
786 3514 904 3564 rerum
930 3489 1106 3590 gestarum
1122 3493 1373 3592 honorumque

389 3610 529 3688 fallente
546 3610 734 3686 mendacio
751 3612 906 3685 trahunt.
956 3611 1045 3686 Inde
1060 3633 1154 3688 certe
1170 3617 1204 3688 δι
1220 3615 1372 3716 fingulo-

388 3757 469 3810 rum
482 3731 590 3832 gesta,
623 3735 658 3805 ἃ
670 3730 817 3831 publica
831 3754 1066 3807 monumenta
1081 3759 1198 3809 rerum
1214 3733 1371 3810 confusa.

389 3855 468 3929 Nec
490 3850 680 3952 quisquam
705 3850 861 3950 aequalis
890 3851 1112 3952 temporibus
1132 3852 1201 3930 inis
1225 3853 1373 3955 scriptor

389 3973 510 4059 exstat,
539 3997 614 4070 quo
630 3969 707 4046 satis
723 3993 820 4047 certo
841 3975 985 4049 austore
1001 3973 1121 4050 stetur.
