3067 5342
394 657 440 732 74
724 635 1037 710 T.L1v1r

388 806 506 882 obseffi
524 808 680 906 possent5
699 813 734 883 a
745 835 818 884 non
832 809 953 884 omnia
965 809 1180 886 concremari
1193 811 1296 899 tesia,
1314 831 1371 898 ut,

389 928 646 1025 quodcumque
661 927 846 1026 superesset
858 929 969 1017 urbis,
986 931 1024 1004 id
1034 930 1163 1030 pignus
1174 932 1219 1004 ad
1229 933 1372 1004 flesken-

390 1047 454 1119 dos
465 1046 620 1120 hostium
630 1047 766 1121 animos
777 1052 968 1135 haberent3
987 1075 1215 1148 nequaquam
1224 1049 1373 1147 perinde

390 1187 496 1264 atque
520 1165 557 1240 in
581 1189 682 1264 capta
697 1171 786 1242 urbe
803 1167 916 1266 prima
930 1169 990 1242 die
1006 1191 1067 1244 aut
1082 1173 1201 1268 passim
1219 1189 1282 1243 aut
1302 1171 1372 1242 late

388 1307 534 1384 vagatus
551 1287 600 1360 est
617 1286 721 1386 ignis.
773 1287 944 1376 Romani,
968 1315 1014 1362 ex
1037 1315 1115 1362 arce
1132 1289 1276 1386 plenam
1293 1287 1372 1361 hos·

391 1406 482 1479 tium
504 1409 631 1480 urbem
648 1429 840 1495 cernentes,
868 1405 1044 1505 vagosque
1067 1434 1130 1505 per
1152 1407 1225 1482 vias
1247 1434 1373 1482 omnes

390 1523 521 1612 cursus,
541 1551 656 1623 quum
672 1526 739 1600 alia
751 1549 858 1624 atque
872 1525 939 1600 alia
955 1549 1051 1623 parte
1069 1553 1161 1600 nova
1170 1527 1290 1626 aliqua
1302 1529 1372 1601 cla·

391 1646 452 1719 des
475 1643 637 1732 oriretur,
664 1671 737 1719 non
764 1645 943 1720 mentibus
961 1645 1076 1720 solum
1099 1649 1287 1744 consrpere,
1311 1646 1372 1720 sed

390 1790 433 1838 ne
450 1762 594 1838 auribus
608 1765 756 1862 quidem
767 1786 873 1862 atque
886 1764 1001 1840 oculis
1015 1764 1092 1840 satis
1103 1765 1257 1841 constare
1272 1787 1372 1863 pote·

390 1906 477 1958 rant.
533 1888 777 1983 Qtocumque
806 1885 939 1958 clamor
970 1884 1139 1971 hostium,
1179 1884 1370 1959 mulierum

390 2028 654 2101 puerorumque
671 2004 837 2100 ploratus,
865 2002 998 2078 sonitus
1012 2006 1188 2090 flammae,
1206 2001 1372 2101 &fragor

391 2121 572 2196 ruentium
586 2125 760 2196 tectorum
778 2121 962 2210 avertisset,
986 2143 1151 2219 paventes
1170 2125 1217 2196 ad
1237 2121 1369 2209 omnia,

390 2240 527 2316 animos
544 2267 674 2339 oraque
692 2246 726 2315 δι
744 2243 867 2316 oculos
883 2243 1083 2329 flectebant,
1100 2243 1261 2316 velutad
1277 2241 1371 2339 spec·

390 2363 551 2434 taculum
576 2387 597 2434 a
622 2360 765 2434 fortuna
789 2360 889 2457 posui
911 2359 1108 2435 occidentis
1129 2360 1273 2459 patriae,
1306 2387 1370 2434 nec

390 2481 497 2556 ullius
521 2507 638 2555 rerum
660 2478 803 2554 suarum
827 2479 952 2568 relisis
981 2500 1224 2579 praeterquam
1246 2505 1372 2577 corpo-

391 2627 484 2688 rum,
501 2600 673 2676 vindices.
723 2604 843 2674 Tanto
856 2621 936 2672 ante
949 2600 1035 2674 alios
1046 2599 1233 2674 miserandi
1244 2599 1371 2697 magis,

391 2719 454 2818 qui
472 2746 646 2822 umquam
663 2718 782 2795 obsesfi
801 2718 893 2807 sunt,
918 2721 1019 2816 quod
1036 2718 1209 2795 interclufi
1226 2747 1247 2793 a
1263 2717 1375 2816 patria

390 2843 650 2928 obsidebantur,
690 2837 812 2912 omnia
840 2837 901 2912 sua
930 2860 1111 2912 cernentes
1143 2837 1181 2912 in
1214 2838 1373 2912 hostium

389 2960 569 3058 potestate.
620 2963 699 3033 Nec
719 2955 939 3056 tranquillior
956 2982 1029 3030 nox
1052 2958 1150 3032 diem
1171 2981 1243 3032 tam
1267 2956 1373 3031 foede
1462 3000 1466 3008 .

389 3081 509 3152 astum
543 3077 697 3175 excepit:
741 3078 804 3151 lux
834 3075 964 3150 deinde
997 3079 1140 3150 nouem
1173 3076 1370 3175 inquietam

390 3197 545 3272 insecuta
570 3197 630 3270 est.
680 3199 759 3269 Nec
787 3197 904 3270 ullum
931 3217 1002 3270 erat
1032 3219 1187 3295 tempus,
1217 3199 1321 3295 quod
1351 3221 1372 3268 a

287 3303 300 3332 ⁸
386 3343 497 3390 novae
524 3315 658 3413 semper
684 3313 795 3388 cladis
817 3315 965 3411 alicujus
990 3314 1189 3414 spectaculo
1218 3318 1370 3391 cessaret.

387 3434 491 3510 Nihil
508 3455 639 3520 tamen,
653 3454 706 3506 tot
722 3433 855 3508 onerati
872 3457 978 3534 atque
994 3434 1114 3510 obruti
1131 3436 1248 3526 malis,
1263 3439 1372 3510 flexe-

386 3575 471 3629 runt
486 3551 635 3640 animos,
664 3551 766 3650 quin,
797 3558 855 3628 etfi
878 3555 999 3629 omnia
1014 3555 1167 3629 flammis
1190 3583 1231 3632 ac
1259 3555 1372 3630 ruinis

388 3695 537 3771 aequata
565 3670 742 3761 vidissent,
773 3673 936 3770 quamvis
963 3675 1108 3774 inopem
1134 3700 1372 3774 parvumque,

389 3820 499 3893 quem
517 3794 695 3880 tenebant,
722 3793 863 3880 collem,
880 3792 1031 3869 libertati
1049 3795 1225 3881 relfflum,
1243 3793 1374 3868 virtute

390 3913 618 3988 defenderent
624 3947 636 4000 3
663 3917 697 3986 δε
709 3913 798 4009 jam,
825 3937 940 4010 quum
958 3916 1083 3988 eadem
1100 3915 1262 4014 quotidie
1279 3913 1373 3990 acci-

391 4037 526 4122 derent,
543 4035 642 4108 velut
658 4031 792 4108 adsueti
810 4031 924 4122 malis,
941 4034 1219 4111 abalienaverant
1235 4039 1280 4112 ab
1296 4035 1372 4110 senss
