3067 5342
319 673 453 790 ⁷350
745 691 1063 766 T.Lrvrr

379 871 406 906 ‘⁸
423 887 490 937 nec
513 863 561 937 ab
580 863 700 938 Roma
715 861 823 962 legati
839 883 900 939 aut
921 861 1105 939 visloriam
1125 863 1194 940 illis
1216 886 1359 956 certam,

379 992 405 1026 “
422 1001 486 1056 aut
500 1007 626 1080 pacem
641 981 828 1058 adferrent.
880 987 933 1058 Ea
946 985 1095 1059 demum
1108 983 1244 1082 sponsio
1266 988 1360 1075 esset,

379 1112 406 1146 “
423 1127 533 1202 quam
557 1101 682 1202 populi
712 1104 807 1200 juffu
831 1103 1144 1204 spopondissemus.
1204 1107 1275 1181 Sed
1301 1133 1362 1182 ne·

379 1233 406 1268 “
423 1247 496 1322 que
528 1249 593 1298 vos
625 1223 799 1313 tulissetis,
841 1249 907 1298 nec
938 1251 1002 1299 nos
1035 1223 1360 1326 spopondissemus:

379 1353 406 1388 ‘⁶
423 1368 491 1418 nec
507 1341 559 1418 fas
575 1340 645 1417 fuit
659 1341 769 1418 alium
793 1369 910 1420 rerum
930 1344 1068 1420 exitum
1086 1347 1165 1435 esse,
1196 1373 1306 1445 quarn
1323 1371 1364 1422 ut

378 1475 406 1508 “
424 1463 491 1552 illi,
516 1465 616 1538 velut
641 1461 779 1539 somnio
795 1463 951 1555 laetiore,
977 1491 1087 1564 quam
1102 1468 1203 1566 quod
1226 1490 1362 1544 mentes

381 1595 549 1660 “eorum
575 1609 698 1681 capere
726 1585 875 1682 possent,
902 1587 1149 1686 nequidquam
1177 1588 1364 1662 eluderen-

380 1715 406 1750 “
424 1725 503 1778 tur:
536 1707 570 1778 δι
589 1703 749 1780 nostrum
767 1705 963 1782 exercitum
988 1709 1127 1796 eadem,
1153 1733 1245 1806 quae
1262 1705 1362 1806 inpe-
1389 1755 1394 1764 ·

381 1835 407 1868 “
425 1821 550 1912 dierat,
572 1822 715 1900 fortuna
730 1825 929 1924 expediret:
953 1855 1080 1903 vanam
1102 1825 1287 1902 vistoriam
1303 1852 1364 1900 va-

379 1953 406 1988 “
423 1941 502 2019 nior
519 1944 652 2020 irritam
662 1943 792 2020 faceret
806 1971 890 2044 pax:
918 1946 1053 2045 sponsio
1069 1947 1362 2047 interponeremus,

380 2074 406 2110 ‘⁶
424 2090 518 2163 quae
547 2065 742 2155 neminem,
769 2086 902 2164 praeter
934 2066 1147 2166 sponsorem,
1174 2067 1360 2168 obligaret.

379 2195 406 2228 ‘⁴
421 2183 526 2286 Quid
545 2185 643 2260 enim
660 2184 861 2275 vobiscum,
892 2190 1010 2262 Patres
1033 2187 1236 2286 conscripti,
1268 2187 1363 2288 quid

379 2315 406 2348 ‘⁴
424 2331 510 2379 cum
527 2308 663 2403 populo
686 2308 855 2382 Romano
873 2309 994 2382 aetum
1013 2307 1063 2383 est
1078 2311 1091 2382 l
1123 2307 1206 2406 quis
1220 2335 1284 2384 vos
1300 2311 1362 2384 ad·

379 2434 405 2470 “
422 2426 551 2522 pellare
565 2425 702 2523 potest?
725 2425 808 2524 quis
822 2426 855 2502 se
865 2453 886 2502 a
895 2427 996 2504 ‘vobis
1010 2427 1128 2504 dicere
1142 2431 1361 2528 deceptum?

379 2555 405 2590 “
422 2545 560 2621 hostis?
602 2572 649 2620 an
682 2547 796 2622 civis?
847 2547 956 2623 Hosti
985 2547 1075 2623 nihil
1104 2548 1361 2649 spopondistisr

380 2665 539 2744 “civem
569 2665 750 2742 neminem
784 2667 953 2767 spondere
979 2695 1044 2768 pro
1072 2669 1173 2745 vobis
1208 2669 1361 2767 juffistis.

379 2799 406 2832 “
425 2787 530 2862 Nihil
546 2815 631 2889 ergo
645 2787 748 2863 vobis
766 2815 833 2863 nec
856 2788 1043 2864 nobiscum
1061 2789 1124 2878 est,
1150 2789 1284 2888 quibus
1306 2791 1360 2864 ni-

379 2907 477 2983 “hil
495 2909 703 2997 mandastis3
728 2935 896 2985 nectum
915 2909 1146 2999 Samnitibus,
1177 2936 1263 2984 cum
1280 2909 1362 3008 qui-

378 3039 405 3075 “
423 3031 492 3104 bus
508 3027 599 3102 nihil
616 3029 744 3128 egistis.
794 3029 1010 3106 Samnitibus
1026 3028 1202 3129 sponsores
1225 3057 1289 3104 nos
1303 3029 1360 3106 su-

380 3159 407 3194 “
424 3174 519 3238 mus,
544 3148 594 3225 rei
603 3149 682 3224 satis
694 3152 898 3250 locupletes.
948 3151 990 3224 In
1006 3149 1058 3238 id,
1085 3150 1185 3248 quod
1201 3151 1360 3226 nostrum

380 3281 406 3314 “
426 3269 499 3359 est3
531 3269 569 3344 in
598 3269 650 3359 id,
679 3271 780 3369 quod
802 3270 970 3368 praestare
995 3273 1190 3368 possumus,
1216 3296 1364 3370 corpors

379 3401 406 3434 “
424 3389 540 3466 nostra
555 3395 589 3465 &
608 3390 763 3480 animos,
790 3391 828 3464 in
844 3393 931 3466 haec
948 3390 1112 3480 saeviant,
1138 3392 1175 3466 in
1190 3393 1278 3465 haec
1292 3389 1358 3465 fer-

380 3521 407 3554 ‘⁶
424 3535 518 3598 rum,
549 3509 588 3584 in
608 3513 695 3587 haec
718 3511 784 3586 iras
803 3534 941 3588 acuant.
990 3514 1103 3614 Qtod
1123 3513 1171 3586 ad
1200 3509 1361 3586 tribunos

380 3641 407 3676 “
425 3629 573 3721 adtinet,
599 3631 783 3721 consulite,
813 3653 936 3706 utrum
961 3631 1116 3732 praesens
1142 3630 1280 3706 deditio
1299 3656 1358 3704 eo·

380 3763 406 3796 “
424 3777 506 3828 rum
532 3751 608 3827 fieti
632 3755 745 3850 poffit,
775 3777 819 3826 an
849 3752 886 3828 in
913 3753 1010 3827 diem
1041 3753 1232 3828 differatur.
1281 3753 1360 3826 Nos

380 3884 406 3918 “
425 3873 580 3961 interim,
606 3876 654 3948 T.
682 3873 821 3961 Veturi,
852 3873 985 3973 vosque
1011 3875 1131 3964 ceteri,
1162 3873 1246 3949 vilia
1269 3875 1356 3948 haec

381 3992 541 4092 “capita
572 3994 723 4067 luendae
752 3991 941 4092 sponsionis
975 3993 1140 4084 seranus,
1175 3999 1210 4071 &
1242 3991 1357 4070 nostro

381 4124 407 4160 “
425 4111 598 4212 supplicio
614 4114 805 4190 liberemus
819 4115 985 4190 Romana
999 4118 1130 4191 arma.”
