3067 5342
390 695 459 766 282
719 691 1031 766 T.Lrvrt

388 883 464 938 ant:
500 889 624 962 pacem
641 865 690 938 ob
715 860 790 960 agri
816 859 948 936 ademti
966 861 1124 934 dolorem
1140 855 1369 954 aspernaban-
1516 890 1517 901 ¹

388 1003 456 1056 tur.
505 980 642 1057 Mediis
665 980 815 1056 consiliis
840 981 1005 1054 standum
1020 977 1219 1065 videbatur,
1249 998 1291 1050 ut
1306 1003 1371 1074 op-

387 1099 482 1198 pidis
504 1099 538 1176 se
554 1121 731 1188 tenerent;
766 1127 811 1175 ne
828 1101 997 1174 laceffitus
1013 1099 1369 1198 Romanuscauffam

388 1219 471 1296 belli
488 1221 650 1308 haberet3
678 1225 726 1308 bc,
754 1223 778 1294 sr
794 1219 896 1315 cujus
911 1217 1036 1318 oppidi
1053 1215 1187 1292 obsidio
1202 1216 1373 1290 nunciata

388 1341 483 1427 effer,
513 1339 676 1439 undique
694 1365 739 1414 ex
761 1337 930 1413 omnibus
950 1337 1091 1436 populis
1106 1335 1284 1410 auxilium
1305 1339 1372 1410 ob-

388 1458 475 1534 selsrs
503 1458 661 1534 ferretur.
711 1462 843 1556 Neque
872 1480 1004 1545 tamen,
1034 1456 1097 1531 nili
1121 1458 1321 1530 admodum
1349 1482 1374 1530 a

388 1577 511 1678 paucis
544 1579 700 1677 populis,
737 1577 871 1652 Pedani
905 1576 1019 1674 adjuti
1048 1575 1138 1651 sunt.
1200 1575 1375 1650 Tiburtes

387 1697 689 1795 Praenestinique,
716 1723 874 1797 quorum
898 1722 981 1796 ager
1005 1695 1150 1794 propior
1179 1716 1267 1782 erat,
1303 1697 1374 1768 Pe·

389 1819 479 1894 dum
496 1843 693 1916 pervenere.
744 1815 911 1892 Aricinos
926 1813 1206 1913 Lanuvinosque
1222 1818 1257 1888 a
1276 1813 1375 1887 Veli-

389 1959 518 2026 ternos,
549 1936 754 2012 Antiatibus
783 1935 918 2011 Volscis
949 1935 982 2010 se
1013 1936 1281 2034 conjungentes,
1324 1936 1374 2008 ad

389 2057 538 2133 Asturae
554 2059 689 2132 flumen
707 2055 889 2144 Maenius,
921 2055 1106 2153 inprovisro
1135 2055 1291 2141 adortus,
1314 2053 1374 2128 stt·

389 2177 454 2252 dit.
503 2175 675 2252 Camillus
692 2177 738 2250 ad
762 2177 903 2250 Pedum
922 2201 1008 2250 cum
1026 2173 1254 2260 Tiburtibus,
1270 2199 1373 2247 max-

391 2296 462 2372 ime
492 2295 611 2370 valido
640 2295 815 2384 exercitu,
846 2294 975 2390 majore
1004 2296 1111 2381 mole,
1148 2319 1372 2392 quamquam

391 2440 503 2513 aeque
542 2413 706 2512 prospero
747 2435 891 2502 eventu,
937 2433 1085 2512 pugnat.
1150 2415 1373 2488 Tumultum

390 2533 546 2610 maxime
561 2533 741 2632 repentina
758 2533 849 2608 inter
869 2533 1046 2631 proelium
1062 2531 1201 2631 eruptio
1222 2532 1372 2631 oppida·

390 2680 518 2728 norum
548 2652 649 2728 secit:
684 2651 722 2726 in
745 2679 835 2752 quos
861 2673 958 2750 parte
987 2653 1163 2727 exercitus
1193 2637 1371 2742 consersa,

390 2772 561 2850 Camillus
586 2800 659 2848 non
676 2771 850 2871 compulit
876 2770 989 2846 solum
1016 2798 1076 2846 eos
1100 2772 1191 2846 intra
1215 2773 1369 2861 moenia,

391 2892 450 2968 sed
467 2894 595 2968 eodem
613 2893 719 2966 etiam
734 2892 807 2979 die,
838 2917 952 2991 quum
969 2891 1060 2989 ipsos
1083 2892 1287 2989 auxiliaque
1309 2916 1370 2965 eo-

392 3039 472 3088 rum
498 3011 709 3111 perculisset,
741 3011 920 3109 oppidum
951 3010 1048 3086 scalis
1074 3012 1180 3111 cepit
1230 3009 1372 3086 Placuit

392 3133 488 3222 inde,
516 3133 592 3228 jam
617 3133 745 3228 majore
772 3152 900 3204 conatu
914 3129 1107 3228 animoque
1124 3135 1170 3208 ab
1186 3129 1292 3206 unius
1308 3157 1371 3204 ex·

389 3251 605 3352 pugnatione
630 3249 728 3325 urbis
750 3252 797 3324 ad
812 3252 1098 3346 perdomandum
1124 3250 1272 3324 Latium
1294 3249 1369 3324 vic-

390 3393 502 3446 torem
528 3370 795 3446 circumducere
828 3369 1035 3445 exercitum.
1094 3373 1175 3444 Nec
1204 3368 1369 3469 quievere

390 3511 482 3578 ante,
514 3517 637 3588 quam,
671 3491 913 3588 expugnando
935 3512 997 3564 aut
1018 3489 1056 3565 in
1073 3489 1295 3564 deditionem
1310 3515 1368 3564 ac·

389 3609 557 3708 cipiendo
582 3609 730 3707 srngulas
756 3613 874 3697 urbes,
901 3610 1050 3685 latium
1064 3637 1171 3684 omne
1187 3609 1366 3708 subegere.

381 3727 569 3828 ¹Praesidiis
592 3726 676 3802 inde
694 3727 864 3826 dispositis
883 3756 946 3827 per
961 3752 1102 3828 recepta
1112 3729 1260 3829 oppida,
1290 3732 1369 3803 Ro-

389 3877 486 3928 mam
498 3849 544 3922 ad
560 3846 774 3922 destinatum
787 3847 952 3924 omnium
962 3849 1129 3924 consensu
1144 3851 1369 3947 triumphum

390 3970 573 4046 decessere.
623 3965 783 4041 Additus
805 3967 988 4066 triumpho
1010 3972 1135 4059 honos,
1167 3993 1209 4046 ut
1237 3970 1368 4044 statuae

390 4087 563 4188 equestres
580 4085 643 4175 eis,
674 4113 747 4162 rara
761 4087 821 4160 illa
835 4109 946 4164 aetate
960 4113 1025 4179 res,
1049 4089 1087 4164 in
1104 4088 1182 4166 soro
1195 4115 1367 4192 poneren-
