3067 5342
423 715 493 810 366
752 717 1066 794 T.L1vrt

414 882 547 959 infidita
591 909 821 984 praecaveret,
869 911 1010 990 tempus
1041 915 1185 988 pugnae
1217 885 1383 984 deligeret,

412 1002 527 1079 aciem
556 1003 752 1095 instrueret,
785 1007 943 1083 subfidiis
976 1010 1139 1085 firmaret.
1191 1011 1279 1083 Non
1311 1031 1384 1080 curn
1487 1040 1488 1050 2

415 1122 529 1198 Dario
542 1151 619 1200 rem
634 1128 702 1200 effe
718 1125 878 1202 dixiffet:
903 1153 1028 1226 quem,
1043 1127 1238 1204 mulierum
1264 1153 1305 1200 ac
1322 1123 1385 1222 spa·
1488 1116 1489 1154 ¹

412 1246 552 1319 donum
579 1271 707 1344 agmen
733 1249 943 1336 trahentem,
976 1245 1066 1321 inter
1081 1273 1277 1346 purpuram
1293 1267 1386 1343 atque
1490 1269 1491 1308 t

411 1387 552 1453 aurum,
565 1387 749 1440 oneratum
766 1365 926 1442 fortunae
943 1367 1167 1467 adparatibus
1185 1366 1278 1454 suae,
1299 1391 1383 1464 prae·
1491 1346 1493 1440 i

412 1485 496 1558 dam
510 1485 640 1573 verius,
657 1509 767 1582 quam
784 1486 932 1574 bostem,
951 1485 1040 1562 nihil
1056 1487 1157 1562 aliud
1176 1511 1286 1584 quam
1306 1487 1384 1559 bene
1493 1498 1495 1580 ἴ

411 1603 614 1680 aususvana
626 1625 864 1694 contemnere,
878 1603 1082 1680 incruentus
1095 1605 1241 1681 devicit.
1269 1607 1385 1700 Longe

412 1723 503 1798 alius
519 1723 651 1811 ltaliae,
674 1750 784 1822 quam
810 1723 946 1812 Indiae,
981 1750 1177 1823 perquam
1202 1725 1386 1799 temulento

412 1841 553 1942 agmine
576 1841 864 1918 comissabundus
890 1843 1033 1932 inceffit,
1054 1843 1147 1919 visus
1175 1845 1227 1918 illi
1256 1841 1386 1917 habitus
1498 1880 1499 1884 =

411 1963 507 2050 effet,
540 1961 644 2038 saltus
658 1961 812 2061 Apuliae
829 1989 869 2038 ac
887 1983 1025 2038 montes
1041 1965 1213 2038 Lucanos
1240 1957 1384 2036 cernenti

414 2087 449 2158 St
466 2082 613 2182 vestigia
633 2081 787 2156 recentia
811 2081 1022 2158 domesticae
1040 2082 1165 2172 cladis,
1196 2083 1262 2159 ubi
1287 2105 1386 2155 avun-

414 2205 516 2278 culus
533 2203 607 2300 ejus
624 2226 738 2300 nuper
765 2199 866 2299 Epiri
895 2225 957 2274 rex
982 2202 1188 2277 Alexander
1216 2200 1386 2278 absumtus

414 2343 496 2396 erat.

461 2441 597 2515 XVIII.
634 2441 683 2514 Et
708 2439 892 2540 loquimur
918 2443 963 2516 de
993 2443 1203 2518 Alexandro
1233 2441 1383 2517 nondum

412 2557 524 2634 merso
549 2559 712 2636 secundis
738 2564 856 2650 rebus,
884 2587 1035 2662 quarum
1062 2589 1168 2637 nemo
1209 2563 1383 2638 intoleran-

413 2679 481 2755 tior
496 2678 577 2756 fuit.
626 2680 717 2782 Qui,
744 2683 768 2754 st
795 2707 839 2756 ex
864 2682 987 2758 habitu
1016 2709 1126 2758 novae
1149 2684 1310 2759 fortunae
1329 2701 1384 2752 no·

411 2799 533 2899 vique,
562 2821 605 2874 ut
638 2801 687 2874 ita
710 2799 844 2890 dicam,
875 2800 1024 2899 ingenii,
1065 2805 1165 2902 quod
1194 2802 1258 2878 fibi
1283 2798 1385 2874 ridor

412 2918 588 3009 induerat,
627 2917 813 3019 spet'tetur,
842 2920 952 2996 Dario
978 2919 1090 3019 magis
1121 2921 1255 3009 fimilis,
1285 2941 1383 3018 quam

412 3039 631 3127 Alexandro,
659 3038 697 3112 in
714 3039 852 3114 Italiam
868 3039 1025 3128 venill'et,
1044 3045 1078 3114 δι
1096 3041 1292 3116 exercitum
1310 3038 1383 3112 Ma-

411 3159 580 3234 cedoniae
597 3159 750 3233 oblitum
768 3161 1110 3258 degenerantemque
1133 3160 1210 3256 jam
1245 3159 1281 3233 in
1311 3160 1383 3231 Per·

411 3280 526 3356 sarum
542 3306 657 3354 mores
675 3279 885 3354 adduxillet.
936 3277 1081 3352 Referre
1114 3278 1151 3351 in
1181 3301 1279 3354 tanto
1310 3297 1383 3372 rege

410 3399 510 3497 piget
526 3399 711 3496 superbam
728 3399 962 3472 mutationem
979 3397 1094 3485 vestis,
1128 3401 1162 3472 dt
1186 3400 1382 3474 desideratas

409 3518 513 3593 humi
530 3518 726 3616 jacentium
756 3517 989 3606 adulationes,
1016 3516 1123 3592 etiam
1148 3517 1252 3594 vistis
1267 3518 1382 3592 Mace·

411 3638 567 3715 donibus
583 3664 716 3739 graves,
734 3638 868 3712 nedum
885 3636 1098 3726 victoribus,
1129 3641 1164 3712 dt
1190 3637 1295 3713 foeda
1311 3633 1383 3731 sup-

408 3758 528 3857 plicia,
557 3764 591 3833 &
609 3758 699 3832 inter
711 3756 836 3831 vinum
855 3761 888 3830 dt
906 3760 1027 3854 epulas
1043 3757 1167 3832 caedes
1180 3757 1381 3838 amicorum,

408 3884 443 3954 dt
464 3879 655 3954 vanitatem
678 3877 922 3952 ementiendae
949 3875 1073 3976 stirpis.
1123 3876 1237 3978 Qrid,
1266 3881 1289 3950 fi
1315 3865 1381 3948 vini

409 4025 508 4075 amor
524 3998 562 4072 in
578 3996 654 4072 dies
671 3997 770 4070 fieret
785 3993 917 4070 acrior?
945 3997 1050 4093 quid,
1083 3999 1106 4069 fi
1134 4018 1217 4072 trux
1234 4023 1275 4072 ac
1291 4017 1380 4096 prae·

407 4116 544 4194 fervida
567 4116 640 4190 ira?
673 4118 754 4211 (uec
771 4113 972 4214 quidquam
988 4114 1144 4194 dubium
1169 4117 1261 4193 inter
1284 4111 1381 4210 scrip·
