3067 5342
439 711 803 796 ¹LtunrtV.
1089 737 1137 815 47

153 883 193 958 in
210 884 310 960 suam
327 885 534 962 sententiam
549 893 739 984 traxerant)
769 891 867 964 nulla
896 917 948 964 res
974 889 1042 964 alia
1064 917 1138 964 rna-

152 1004 262 1082 nibus
288 1029 480 1107 temperare
514 1012 656 1107 plebem
685 1015 850 1111 cogebat,
882 1038 992 1110 quam
1024 1013 1138 1110 quod,

153 1127 219 1203 ubi
238 1128 333 1202 rixae
351 1129 628 1204 committendae
648 1135 763 1205 cauffa
780 1135 913 1206 clamor
929 1154 1026 1206 ortus
1043 1136 1138 1220 esset,

152 1247 333 1347 principes
363 1248 513 1339 senatus,
560 1251 666 1349 primi
700 1256 825 1327 turbae
859 1252 1057 1327 obferentes
1090 1251 1137 1340 se,

154 1369 245 1468 peti,
271 1370 378 1458 feriri,
413 1394 519 1468 atque
541 1371 660 1446 occidi
680 1372 869 1468 jubebant.
921 1375 983 1446 Ab
1009 1375 1138 1447 horum

153 1490 330 1564 aetatibus
360 1489 663 1590 dignitatibusque
688 1496 721 1566 ὅτ
746 1491 942 1566 honoribus
964 1492 1141 1568 violandis

154 1614 247 1686 dum
264 1611 516 1700 abstinebatur,
551 1614 649 1687 &ad
672 1611 827 1710 reliquos
850 1612 975 1686 similes
992 1633 1139 1688 conatus

153 1732 372 1807 verecundia
401 1732 471 1806 irae
501 1733 660 1808 obstabat
668 1766 678 1820 ;
722 1733 896 1808 Camillus
927 1733 1140 1811 idemtidem

153 1853 326 1929 omnibus
353 1853 442 1928 locis
473 1854 765 1929 concionabatur:
811 1865 836 1898 “
861 1857 977 1930 Haud
1006 1853 1139 1929 mirum

156 1986 180 2020 “
201 1975 241 2048 id
259 1974 410 2073 quidem
439 1977 519 2063 effe,
546 1974 661 2048 furere
685 1973 879 2061 civitatem,
907 2000 1012 2072 quae,
1039 1976 1140 2050 dam-

155 2105 283 2169 “nata
311 2093 399 2182 voti,
442 2093 607 2169 omnium
637 2121 754 2169 rerum
796 2094 973 2193 potiorem
1003 2120 1140 2184 curam,

155 2228 312 2314 “quam
344 2215 514 2316 religione
541 2215 574 2290 se
600 2215 819 2303 exsolvendi,
847 2219 985 2290 habeat.
1036 2215 1142 2290 Nihil

156 2348 181 2381 “
201 2339 248 2410 de
271 2335 472 2410 conlatione
497 2335 629 2424 dicere,
659 2335 755 2434 stipis
785 2337 915 2425 verius,
941 2363 1052 2434 quam
1079 2340 1140 2410 de-

156 2468 181 2501 “
201 2483 329 2532 cumae
336 2490 349 2544 ;
383 2457 529 2555 quando
554 2484 596 2532 ea
620 2455 653 2530 se
681 2454 833 2554 quisque
859 2457 1025 2555 privatim
1050 2459 1141 2532 obli·

155 2589 181 2622 “
199 2577 349 2680 gaverit,
374 2575 542 2655 liberatus
572 2582 610 2652 fit
638 2581 806 2679 populus.
856 2580 1063 2665 Enimvero,
1099 2578 1140 2652 il-

156 2705 268 2777 “lud
302 2700 335 2776 se
369 2723 496 2789 tacere,
537 2697 635 2775 suam
664 2697 916 2775 conscientiam
945 2724 1018 2771 non
1048 2697 1137 2795 pati:

156 2825 305 2922 “quod
327 2849 430 2896 exea
456 2842 597 2896 tantum
626 2823 767 2920 praeda,
799 2846 891 2918 quae
918 2844 1036 2892 rerum
1063 2845 1141 2893 mo-

156 2956 181 2989 “
200 2943 365 3019 ventium
390 2946 442 3032 fit,
488 2944 642 3018 decuma
683 2943 910 3040 designetur:
958 2938 1057 3014 urbis
1090 2962 1140 3014 at-

156 3076 275 3163 “que
298 3063 372 3163 agri
403 3062 511 3162 capti,
558 3089 649 3162 quae
681 3067 714 3137 δι
747 3061 818 3160 ipsa
846 3083 932 3133 voto
961 3060 1140 3135 continea-

156 3197 182 3230 “
203 3206 274 3272 tur,
301 3183 522 3258 mentionem
542 3185 677 3258 nullam
704 3181 813 3256 fieri.”
843 3186 972 3283 Qum
1002 3208 1043 3254 ea
1072 3180 1140 3254 dis-

155 3305 325 3405 ceptati0,
356 3331 484 3402 anceps
500 3303 633 3379 senatui
659 3301 743 3390 visa,
775 3303 936 3400 delegata
958 3303 1004 3375 ad
1022 3301 1140 3398 ponti-

154 3429 242 3500 fices
273 3427 355 3500 effet
367 3459 379 3512 3
423 3424 587 3500 adhibito
617 3423 784 3511 camillo,
828 3421 945 3496 visum
974 3421 1140 3521 collegi0,

155 3548 260 3646 quod
280 3547 353 3642 ejus
373 3567 453 3620 ante
470 3565 688 3641 conceptum
713 3568 840 3617 votum
862 3541 1068 3638 Vejentium
1084 3542 1142 3615 fu-

156 3667 247 3756 iffet,
276 3671 309 3740 &
327 3667 406 3767 post
420 3687 545 3741 votum
565 3665 602 3740 in
615 3664 822 3763 potestatem
840 3662 965 3762 populi
983 3663 1141 3737 Romani

155 3789 316 3877 veniffet‚
346 3788 421 3886 ejus
446 3808 582 3885 partem
611 3787 803 3860 decumam
825 3782 988 3880 Apollini
1010 3782 1141 3857 sacram

156 3913 237 3986 effe.
288 3913 341 3984 Ita
367 3909 406 3983 in
430 3907 711 3984 aestimationem
737 3907 824 3978 urbs
840 3928 993 4002 agerque
1025 3901 1140 3977 venit:

157 4031 312 4129 pecunia
333 4057 379 4104 ex
401 4029 532 4104 aerario
553 4048 706 4126 promta,
740 4029 774 4100 δι
800 4023 955 4103 tribunis
983 4022 1140 4098 militum

157 4151 415 4239 consularibus,
445 4171 488 4224 ut
513 4175 640 4226 aurum
657 4173 704 4224 ex
730 4173 772 4222 ea
788 4155 1002 4233 coemerent,
1032 4171 1140 4244 nego-
