3067 5342
488 741 719 817 Lrssn
778 745 822 816 V.
1110 769 1152 816 21

172 916 297 1014 “plus
326 915 365 988 in
390 913 445 990 his
461 916 564 1013 juris,
600 943 709 1016 quam
734 916 772 991 in
788 915 890 992 vobis
906 915 1031 1006 animi,
1057 921 1150 993 effer.

170 1045 197 1079 ‘⁴
215 1037 286 1110 Sed
303 1033 399 1110 nefas
427 1036 477 1110 est
499 1038 643 1112 tendere
660 1037 823 1112 adversus
838 1037 1083 1112 auctoritatem
1100 1037 1149 1113 se·

170 1165 197 1200 ‘⁴
217 1177 329 1230 natus.
389 1155 544 1231 Proinde
579 1161 612 1230 δι
646 1183 708 1231 vos
742 1155 886 1230 definite
916 1157 1007 1233 inter
1036 1158 1153 1234 nostra

170 1285 197 1320 ‘⁸
217 1276 407 1351 certamina
438 1279 561 1352 locum
592 1276 737 1374 injuriae
767 1303 950 1376 quaerere:
983 1283 1017 1352 ἃ
1044 1282 1150 1354 colle·

171 1407 197 1440 ‘⁶
216 1423 279 1496 gae
312 1419 373 1472 aut
402 1396 545 1486 facient,
571 1399 672 1496 quod
701 1396 818 1473 censet
847 1397 997 1485 senatus,
1026 1419 1101 1486 aut,
1127 1402 1152 1472 fi

170 1517 429 1614 “pertinacius
459 1519 620 1606 tendent,
646 1516 855 1592 didatorem
883 1520 1064 1616 extemplo
1092 1518 1148 1593 di-

170 1647 196 1681 “
216 1664 308 1726 cam,
335 1637 399 1735 qui
418 1664 477 1712 eos
499 1638 594 1713 abire
615 1637 817 1736 magistratu
835 1641 974 1738 cogat.”
1023 1644 1151 1739 Qum

167 1757 335 1832 omnium
352 1755 496 1832 adsensu
521 1761 749 1857 comprobata
764 1757 877 1832 oratio
896 1759 991 1846 effer,
1017 1760 1151 1858 gaude·

170 1901 319 1976 remque
335 1880 466 1966 Patres,
492 1881 561 1952 fine
579 1877 790 1953 tribuniciae
808 1876 986 1975 potestatis
1003 1879 1148 1954 terricu-

168 1998 212 2073 lis
228 1997 408 2074 inventam
425 2000 491 2072 effe
508 1999 612 2072 aliam
629 1998 704 2072 vim
731 1999 899 2094 majorem
920 1998 966 2072 ad
984 2006 1147 2073 coe‘rcen·

168 2122 234 2194 dos
252 2119 489 2218 magistrarum
515 2119 601 2194 vicli
628 2118 796 2194 consensu
822 2119 987 2192 omnium
1004 2117 1149 2193 comitia

168 2238 395 2315 tribunorum
419 2238 576 2314 militum
593 2241 761 2327 habuere,
797 2240 861 2338 qui
879 2239 1049 2314 Kalendis
1075 2243 1148 2314 Oc·

168 2359 331 2436 tobribus
349 2361 588 2459 magistratum
606 2360 823 2459 occiperent:
850 2361 955 2462 seque
972 2381 1052 2435 ante
1068 2387 1148 2436 earn

168 2480 268 2554 diem
285 2481 486 2580 magistratu
501 2480 719 2556 abdicavere.

219 2603 266 2676 X.
301 2604 346 2675 L.
365 2600 506 2675 Valerio
528 2601 648 2674 Potito
673 2623 853 2699 quartum,
878 2604 937 2676 M.
956 2602 1067 2677 Furio
1082 2604 1149 2675 Ca·

168 2720 270 2795 millo
294 2721 436 2810 iterum,
464 2723 533 2795 Μ’.
552 2719 710 2796 Aemilio
737 2721 963 2796 Mamercino
990 2719 1147 2808 tertium,

167 2843 237 2916 Cn.
261 2841 427 2916 Cornelio
450 2842 554 2916 Coffo
578 2840 719 2929 iterum,
746 2843 793 2915 K.
818 2842 931 2924 Fabio
953 2841 1147 2926 Ambusto,

168 2964 215 3037 L.
233 2961 333 3057 Julio
350 2963 449 3056 Ju10,
476 2960 628 3036 tribunis
654 2960 811 3036 militum
834 2960 1005 3036 consulari
1034 2957 1147 3058 potes-

168 3103 252 3169 tate,
294 3083 409 3155 multa
441 3080 542 3155 domi
573 3080 793 3180 militiaeque
826 3081 931 3180 gesta
981 3084 1078 3155 Nam
1112 3085 1147 3154 bt

168 3201 304 3276 bellurn
326 3198 514 3298 multiplex
531 3199 601 3274 fuit
617 3203 745 3276 eodem
772 3224 942 3300 tempore,
968 3202 1015 3274 ad
1029 3201 1147 3296 Vejos‚

169 3325 204 3396 dt
235 3323 281 3394 ad
310 3323 505 3418 Capenam,
538 3325 572 3394 dr
603 3321 844 3409 ad'Falerios‚
878 3325 912 3395 se
943 3320 981 3394 in
999 3318 1147 3409 Volscis,

156 3437 208 3514 'ut
224 3446 354 3516 Anxur
379 3443 424 3516 ab
450 3441 609 3516 hostibus
641 3462 921 3539 recuperaretur:
954 3446 989 3516 δι
1007 3444 1146 3515 Romae

167 3563 269 3635 simul
294 3562 450 3650 deledu,
477 3561 578 3635 simul
605 3559 739 3636 tributo
759 3561 989 3649 conferendo,
1014 3563 1147 3636 labora·

167 3703 246 3756 turn
264 3681 331 3756 cst:
363 3686 395 3755 ἃ
425 3683 470 3755 de
499 3680 649 3757 tribunis
679 3682 796 3779 plebei
827 3681 1036 3781 cooptandis
1062 3707 1148 3755 con-

167 3799 281 3876 tentio
306 3799 392 3874 fuit:
420 3805 454 3874 dr
478 3803 575 3874 haud
595 3827 743 3900 parvum
766 3824 907 3876 motum
923 3803 1000 3875 duo
1010 3800 1151 3898 judicia

168 3945 305 4009 eorum,
341 3917 405 4018 qui
432 3921 552 4018 paullo
582 3944 661 3995 ante
687 3921 860 3996 consulari
887 3921 1055 4019 potestate
1072 3920 1148 3995 fue-

169 4062 257 4128 rant,
291 4039 463 4115 excivere.
513 4041 691 4115 Omnium
720 4041 879 4141 primum
907 4040 1058 4116 tribunis
1081 4041 1148 4115 mi-

171 4159 273 4236 litum
289 4159 371 4251 fuit,
405 4145 586 4236 deleclum
603 4161 743 4250 haberi3
778 4189 845 4239 nee
861 4163 1022 4261 juniores
1038 4164 1150 4238 modo
