3067 5342
495 717 824 790 L1snnV.
1111 739 1157 814 33

172 887 355 989 expeditas
386 887 547 966 mittunt.
597 895 676 966 Aut
704 889 801 966 enim
826 891 980 989 paffuros
1004 888 1156 964 inultam

172 1037 251 1084 eam
279 1007 444 1107 injuriam
471 1013 670 1099 Romanos,
697 1039 741 1085 ne
759 1037 855 1085 novo
871 1011 966 1084 bello
983 1009 1016 1085 se
1034 1036 1156 1084 onera-

171 1151 266 1205 rent:
296 1152 359 1205 aut
374 1129 520 1229 exigu0,
552 1157 667 1229 eoque
685 1158 811 1230 parum
831 1129 964 1231 ualido,
997 1129 1154 1204 exercitu

171 1249 425 1350 persecuturos.
476 1250 650 1324 Romanis
674 1250 868 1351 indignitas
893 1251 1016 1347 major,
1044 1276 1155 1348 quam

172 1395 270 1459 cura,
317 1368 557 1470 populationis
599 1370 912 1469 Tarquiniensium
952 1370 1033 1445 fuit.
1098 1373 1155 1444 Eo

170 1519 239 1568 nec
256 1519 388 1593 magno
404 1511 533 1566 conatu
550 1489 718 1589 suscepta,
736 1517 803 1566 nec
820 1489 859 1565 in
876 1493 1026 1590 longum
1049 1490 1158 1566 dilata

171 1638 226 1686 res
243 1611 303 1686 est.
354 1617 401 1686 A.
420 1610 675 1686 Postumius&
695 1614 741 1686 L.
760 1611 880 1708 Julius
898 1638 970 1686 non
980 1611 1077 1708 justo
1093 1611 1155 1684 de-

170 1734 280 1820 lestu,
314 1731 461 1830 (etenim
484 1735 529 1806 ab
551 1729 703 1806 tribunis
725 1731 839 1831 plebis
865 1731 1154 1830 inpediebantur)

171 1852 233 1946 sed
258 1878 368 1950 prope
394 1850 687 1940 voluntariorum,
714 1877 806 1950 quos
829 1853 1051 1926 adhortando
1066 1849 1155 1926 inci-

173 1993 343 2060 taverant,
377 1974 498 2046 coasta
514 1997 637 2061 manu,
669 1998 732 2070 per
747 1997 873 2071 agrum
890 1974 1073 2046 Caeretem
1090 1973 1154 2045 ob-

173 2091 281 2189 liquis
302 2090 501 2167 tramitibus
523 2095 656 2192 egreffi,
691 2093 877 2166 redeuntes
906 2119 927 2167 a
951 2090 1153 2189 populatio-

172 2213 280 2288 nibus
306 2211 497 2311 gravesque
515 2213 645 2308 praeda
659 2208 932 2310 Tarquinienses
949 2211 1154 2309 obpreffere.

171 2335 314 2407 Multos
331 2333 493 2406 mortales
506 2334 733 2419 obtruncant,
759 2358 883 2406 omnes
902 2351 1040 2406 exuunt
1054 2328 1153 2428 inpe-

169 2450 360 2539 dimentis;
400 2457 448 2540 δι,
476 2450 625 2549 receptis
655 2477 820 2550 agrorum
851 2452 994 2526 suorum
1021 2450 1152 2550 spoliis,

169 2575 330 2647 Romam
354 2591 585 2645 revertuntur.
641 2570 803 2645 Biduum
828 2573 873 2645 ad
904 2568 1154 2670 recognoscen-

171 2695 235 2766 das
258 2718 312 2766 res
334 2693 460 2765 datum
490 2689 663 2766 dominis:
701 2690 805 2765 tertio
828 2691 1011 2791 incognita
1042 2695 1155 2787 (erant

170 2833 292 2886 autem
320 2838 361 2886 ea
390 2813 557 2911 pleraque
587 2809 742 2886 hostium
770 2809 941 2910 ipsorum)
978 2809 1043 2884 sub
1059 2808 1157 2883 hasta

169 2930 332 3018 veniere3
366 2933 539 3029 quodque
566 2931 650 3005 inde
677 2933 873 3019 retianum,
907 2929 1082 3004 militibus
1104 2928 1155 3004 est

171 3049 339 3126 divisum.
390 3053 515 3126 Cetera
539 3052 645 3138 bella,
675 3050 903 3149 maximeque
930 3051 1070 3146 Vejens,
1098 3049 1154 3122 in-

171 3169 258 3246 certi
285 3169 401 3245 exitus
428 3191 535 3246 erant.
585 3173 740 3268 Jamque
770 3169 942 3258 Romani,
977 3168 1155 3268 desperata

170 3319 240 3392 ope
256 3293 426 3380 humana,
451 3288 521 3365 fata
547 3295 581 3366 ὅτ
606 3294 702 3368 Deos
719 3291 932 3390 spedabmt,
966 3317 1082 3388 quum
1105 3291 1153 3364 le-

168 3411 243 3513 gati
260 3414 307 3486 ab
323 3409 476 3509 Delphis
488 3433 663 3486 venerunt
690 3410 818 3485 sortem
837 3409 970 3485 oraculi
991 3409 1153 3484 adferen-

170 3555 236 3621 tes,
269 3553 526 3631 congruentem
548 3530 709 3629 responso
726 3531 857 3630 captivi
872 3531 971 3606 vatis.
1022 3542 1047 3574 “
1076 3533 1154 3606 Ro-

170 3664 197 3698 “
215 3679 334 3742 mane,
367 3677 498 3749 aquam
525 3652 701 3727 Albanam
737 3679 822 3726 cave
854 3653 935 3726 lacu
965 3649 1152 3738 contineri,

175 3785 202 3820 ‘⁴
219 3800 303 3850 cave
321 3770 358 3846 in
376 3797 471 3846 mare
488 3797 628 3846 manare
645 3770 708 3845 suo
725 3771 874 3845 flumine
891 3775 988 3846 sinas.
1039 3769 1154 3844 Emis-

171 3894 290 3969 “sam
313 3917 376 3990 per
397 3918 497 3991 agros
523 3889 666 3990 rigabis,
697 3889 965 3989 diffipatamque
987 3888 1070 3965 rivis
1092 3915 1154 3964 ex·

172 4021 198 4058 “
218 4009 385 4111 stingoes.
435 4013 535 4088 Tum
559 4029 598 4082 tu
622 4007 734 4084 infiste
756 4009 874 4083 audax
895 4006 1051 4084 hostium
1075 4035 1155 4083 mu-

175 4143 200 4177 “
219 4131 265 4207 ris
272 4163 285 4222 3
319 4155 470 4220 memor,
504 4155 614 4229 quam
636 4155 699 4226 per
728 4149 783 4204 tot
804 4154 914 4204 annos
935 4131 1072 4205 obfides
1097 4155 1157 4204 ur·

634 4251 672 4324 D
