3067 5342
427 661 500 758 346
760 661 1077 736 T.Lrvrr

426 851 631 930 terregnum
662 832 779 908 rediit.
829 835 1021 936 Interreges
1047 841 1105 938 Q
1127 833 1259 912 Fabius
1284 831 1392 906 Maxi·

426 976 521 1038 mus,
555 953 613 1026 M.
637 951 798 1029 Valerius
824 957 974 1030 Corvus.
1024 958 1058 1030 Is
1090 953 1249 1030 consules
1278 949 1394 1028 crearit

426 1069 692 1170 QPublilium
718 1072 908 1148 Philonem
938 1079 972 1149 dr
1005 1077 1051 1150 1„
1079 1072 1261 1173 Papirium
1284 1069 1396 1148 Curso

429 1215 502 1264 rem
515 1188 659 1282 iterum,
690 1195 788 1268 haud
806 1195 920 1269 dubio
937 1193 1104 1270 consensu
1127 1191 1292 1282 civitatis,
1306 1191 1396 1290 quod

428 1310 518 1386 nulli
533 1337 575 1386 ea
586 1313 791 1412 tempestate
807 1316 917 1390 duces
934 1314 1094 1390 clariores
1110 1317 1230 1390 effent.

478 1434 577 1507 VIII.
607 1437 694 1534 Qro
711 1433 817 1508 creati
835 1433 915 1510 sunt
930 1435 1003 1524 die,
1031 1463 1074 1510 eo
1093 1439 1153 1534 (fic
1176 1433 1274 1510 enim
1290 1432 1397 1530 placu-

426 1574 499 1628 erat
515 1553 695 1648 Patribus)
716 1553 958 1654 magistratum
972 1553 1141 1643 inierunt,
1168 1547 1397 1630 sollemnibus-

426 1698 497 1772 que
528 1672 830 1750 senatusconsultis
858 1673 1032 1774 persedlis,
1060 1677 1105 1752 de
1133 1703 1222 1777 pace
1248 1670 1399 1750 Caudina

426 1795 630 1868 retulerunt.
682 1797 731 1870 Et
754 1795 946 1884 Publilius,
976 1823 1084 1894 penes
1109 1821 1222 1896 quern
1244 1793 1345 1870 frsces
1367 1817 1398 1865 e·

427 1933 518 2001 rant,
548 1925 575 1958 “
592 1914 664 1990 Dic
679 1918 740 2014 sp.
756 1915 955 2004 Postumi,”
988 1916 1117 2016 inquit.
1168 1915 1246 2018 Qri
1262 1913 1323 1990 ubi
1336 1911 1398 1988 sur·

427 2033 531 2123 rexit,
562 2037 691 2110 eodem
716 2035 779 2110 illo
804 2038 921 2125 vultu,
949 2063 1023 2136 quo
1049 2036 1266 2138 subjugum
1291 2032 1399 2108 misius

428 2179 512 2244 erat,
547 2166 573 2200 ‘⁴
592 2157 708 2230 Haud
729 2154 808 2230 sum
822 2155 1000 2256 ignarus‚”
1026 2155 1159 2256 inquit,
1191 2167 1217 2200 “
1236 2152 1396 2237 consules,

428 2285 455 2319 “
474 2274 706 2374 ignominiae,
736 2303 810 2350 non
840 2277 983 2352 honoris
1012 2279 1126 2352 caussa
1158 2305 1219 2353 me
1253 2275 1398 2376 primurn

428 2404 453 2438 “
471 2401 667 2470 excitatum
681 2396 889 2496 jussumque
905 2397 1036 2486 dicere,
1069 2423 1141 2472 non
1159 2419 1340 2498 tamquam
1355 2393 1373 2467 s
1386 2439 1398 2453 ·

429 2524 455 2560 ‘⁴
473 2535 644 2604 natorem,
670 2514 730 2590 sed
751 2537 936 2614 tamquam
953 2543 1054 2593 reum
1077 2544 1149 2618 qua
1165 2516 1317 2595 infelicis
1337 2515 1400 2590 bel·

431 2646 456 2680 “
473 2633 513 2724 li,
539 2661 613 2736 qua
628 2634 882 2736 ignominiosae
893 2637 1001 2735 pacis.
1052 2641 1133 2738 Ego
1150 2659 1285 2727 tamen,
1302 2661 1401 2738 quau-

432 2767 458 2802 “
475 2758 524 2831 do
547 2783 665 2854 neque
679 2758 725 2831 de
748 2783 843 2831 noxa
865 2757 980 2832 nostra
993 2783 1110 2858 neque
1127 2760 1174 2834 de
1189 2786 1305 2858 poena
1319 2775 1401 2832 retu·

433 2886 457 2921 ‘⁶
475 2875 574 2964 listis,
602 2876 726 2950 omissa
750 2876 963 2968 defensione,
993 2905 1085 2977 quae
1111 2905 1186 2955 non
1203 2875 1402 2954 difficillima

432 2997 559 3071 “esset
584 2998 681 3093 apud
708 2999 805 3072 haud
836 2997 975 3097 ignaros
995 2997 1219 3076 fortunarum
1244 3002 1402 3074 humana·

431 3125 457 3162 “
475 3142 557 3192 rum
590 3119 915 3218 necessitatumque,
962 3116 1170 3194 sententiam
1197 3123 1245 3196 de
1279 3147 1333 3208 eo,
1364 3117 1401 3190 de

430 3248 456 3282 “
476 3263 551 3337 quo
578 3236 757 3326 retulistis,
787 3236 910 3336 paucis
931 3265 1108 3338 peragam.
1158 3246 1263 3343 Quae
1280 3239 1402 3315 senten·

431 3367 457 3402 ‘⁶
476 3357 525 3432 tia
540 3357 635 3432 testis
650 3357 730 3447 erit,
757 3357 908 3446 mihine,
934 3385 980 3432 an
994 3359 1196 3460 legionibus
1218 3359 1336 3438 vestris
1350 3382 1402 3455 pe·

432 3485 457 3520 “
474 3477 660 3574 percerim‚
694 3502 810 3576 quum
842 3505 900 3553 me
927 3478 986 3554 seu
1016 3479 1111 3580 turpi
1144 3479 1204 3556 seu
1233 3476 1404 3558 necesaria

433 3597 657 3697 “sponsione
684 3597 868 3674 obſtrinxi.
927 3605 1012 3702 Qra
1033 3621 1165 3690 tamen,
1188 3603 1334 3702 quando
1357 3595 1403 3671 in·

431 3728 457 3763 “
469 3719 565 3816 jussu
600 3717 725 3817 populi
757 3718 848 3793 fasta
879 3719 941 3807 est,
985 3745 1058 3796 non
1089 3742 1228 3798 tenetur
1261 3721 1402 3823 populus

432 3851 458 3884 “
476 3843 689 3927 Romanus;
721 3865 787 3915 nec
805 3839 1008 3939 quidquam
1023 3867 1069 3916 ex
1086 3869 1139 3930 ea,
1170 3862 1403 3944 praeterquam

432 3970 623 4058 “corpora
654 3959 771 4035 nostra
802 3961 978 4036 debentur
1004 3963 1234 4040 Samnitibus.
1295 3959 1403 4039 Deda·
1475 3948 1478 3960 ’

432 4089 558 4156 “mur
581 4105 645 4178 per
670 4079 809 4156 feciales
836 4080 926 4156 nudi
952 4082 1160 4186 vindliques
1193 4084 1404 4162 exsolvamus
