3067 5342
413 753 480 828 194
624 781 627 786 -
740 729 789 804 T.
840 729 1057 802 Lrvr1

405 903 522 1000 jutus,
565 928 653 979 mox
680 901 719 977 in
745 902 981 1002 Campaniam
1010 897 1185 978 transierit.
1239 895 1288 972 Fa
1307 893 1365 970 fuit

361 1094 365 1100 .
412 1023 538 1110 mussa,
575 1047 640 1098 cur
672 1023 837 1122 proximo
859 1050 953 1099 anno
986 1025 1029 1100 C.
1054 1019 1227 1100 Poetelius
1257 1018 1367 1092 Balbus

412 1141 548 1230 consul,
576 1169 692 1242 quum
717 1146 873 1244 collegae
901 1145 973 1242 ejus
1000 1147 1059 1220 M.
1077 1139 1189 1218 Fabio
1208 1135 1367 1215 Ambusto

411 1261 566 1340 Hernici
599 1262 782 1361 provincia
813 1263 991 1353 evenisset,
1034 1260 1196 1338 adversus
1220 1257 1369 1336 Tiburtes

404 1383 500 1480 jussu
534 1382 661 1482 populi
690 1382 889 1460 exercitum
918 1381 1074 1459 duceret.
1141 1383 1205 1457 Ad
1235 1401 1370 1478 quorum

409 1502 588 1578 auxilium
600 1529 717 1603 quum
734 1503 831 1580 Galli
848 1531 893 1578 ex
910 1503 1105 1604 Campania
1126 1501 1296 1587 redissent,
1310 1495 1327 1570 s
1360 1541 1372 1555 ·

393 1625 475 1698 dae
492 1623 739 1723 populationes
761 1624 800 1700 in
820 1624 1014 1713 Lauicano,
1041 1623 1324 1720 Tusculanoque,
1345 1618 1373 1688 δι

410 1746 555 1820 Albano
584 1771 682 1846 agro,
714 1747 811 1820 haud
842 1745 951 1820 dubie
979 1745 1196 1821 Tiburtibus
1225 1739 1375 1822 ducibus,

409 1861 490 1942 sunt
508 1863 631 1940 fatue.
681 1868 743 1954 Et,
774 1889 890 1964 quum
908 1863 1070 1941 adversus
1085 1865 1277 1940 Tiburtem
1296 1855 1376 1932 host·

410 2012 469 2062 em
485 1987 579 2062 duce
596 1985 739 2061 consule
763 2007 929 2061 contenta
944 1985 1141 2086 respublica
1157 1985 1251 2071 esset,
1279 1974 1376 2054 Galli·

410 2133 475 2180 cus
495 2107 672 2181 tumultus
691 2103 900 2182 dictatorem
922 2105 1029 2182 creari
1053 2105 1185 2206 cobgit.
1247 2103 1379 2178 Creatus

410 2225 643 2327 QServilius
658 2227 830 2301 AhalaT.
844 2225 1059 2328 Quinslium
1071 2224 1278 2326 magistrum
1292 2215 1379 2318 equi·

409 2367 489 2422 tum
504 2344 597 2419 dixit
603 2377 615 2432 ;
647 2349 682 2418 a
699 2371 745 2420 ex
764 2345 970 2420 auctoritate
993 2349 1157 2436 Petrum,
1189 2349 1213 2420 fi
1232 2340 1380 2444 prospere

408 2464 450 2540 id
466 2466 602 2540 bellurn
614 2464 792 2554 evenisset,
823 2467 927 2541 ludos
945 2492 1092 2566 magnos
1108 2466 1222 2542 vovit.
1272 2461 1382 2540 Dista-

408 2607 477 2674 tor,
510 2586 556 2660 ad
580 2584 815 2660 continendos
832 2585 975 2684 proprio
993 2588 1086 2660 bello
1109 2586 1284 2663 Tiburtes
1308 2605 1382 2656 con·
1506 2659 1507 2666 ἶ

410 2704 513 2782 sulari
526 2705 685 2780 exercitu
695 2705 789 2801 jusso
806 2730 958 2795 manere,
990 2731 1114 2781 omnes
1124 2706 1300 2804 juniores,
1314 2703 1384 2778 nul·

410 2829 447 2902 lo
457 2829 671 2903 detreslante
685 2825 863 2915 militiam,
889 2825 1105 2901 sacramento
1114 2828 1250 2930 adegit.
1299 2828 1385 2922 Pug·
1508 2875 1510 2910 ;

352 2955 356 2960 ’
410 2970 537 3022 natum
553 2949 651 3022 haud
672 2949 799 3046 procul
823 2967 924 3043 porta
940 2944 1081 3020 Collina
1103 2945 1155 3022 est
1180 2947 1292 3023 totius
1313 2942 1386 3018 viri·
1508 2945 1509 2971 .

409 3072 479 3144 bus
499 3067 612 3155 urbis,
643 3066 682 3141 in
707 3065 895 3163 conspeslu
912 3089 1099 3164 parentum
1122 3070 1388 3168 conjugumque

410 3215 452 3264 ac
483 3188 688 3264 liberorum.
738 3191 841 3289 Qrae
871 3213 1013 3286 magna,
1043 3185 1150 3261 etiam
1178 3186 1391 3271 absentibus,

410 3311 631 3382 hortamenta
659 3305 784 3395 animi,
827 3329 906 3380 mm
934 3305 1088 3403 subjecta
1117 3308 1251 3398 oculis,
1299 3303 1392 3382 simul

409 3424 626 3501 verecundia
641 3423 951 3526 misericordiaque
968 3426 1120 3502 militem
1137 3431 1391 3505 accendebant.

409 3547 550 3644 Magna
574 3543 756 3643 utrimque
783 3545 878 3622 edita
903 3549 1025 3636 caede,
1053 3546 1226 3624 avertitur
1252 3550 1393 3624 tandem

406 3664 500 3742 acies
522 3666 720 3740 Gallorum.
771 3667 874 3766 Fuga
889 3667 1020 3756 Tibur,
1054 3673 1142 3743 licut
1164 3695 1288 3744 arcem
1313 3665 1393 3744 belli

411 3784 555 3874 Gallici,
585 3805 729 3883 petunt:
753 3785 861 3885 palati
892 3787 1077 3862 aconsule
1107 3789 1273 3864 Poetelio
1300 3786 1397 3863 haud

409 3908 536 4008 procul
552 3904 692 3982 Tibure
718 3905 873 4004 excepti,
908 3910 1042 4006 egreffis
1068 3909 1114 3981 ad
1141 3935 1252 4006 opem
1283 3908 1395 3984 seren-

408 4031 493 4103 dam
508 4025 738 4115 Tiburtibus,
762 4029 863 4100 sunul
881 4053 966 4101 cum
982 4025 1037 4101 his
1054 4027 1145 4101 intra
1160 4052 1284 4126 portas
1300 4055 1397 4104 com-

335 4143 338 4148 ’
407 4149 599 4249 pelluntur.
649 4145 804 4248 Egregie
829 4172 946 4246 quum
971 4151 1017 4222 ab
1038 4146 1220 4238 dictatore,
1252 4173 1337 4226 tum
1354 4149 1399 4222 ab
