3067 5342
483 638 713 709 ernn
765 637 829 709 VI.
1080 634 1148 735 '105

21 808 22 850 l
164 810 276 911 cepti,
302 810 368 909 qui
384 811 588 909 Vejentium
611 812 922 911 Capenatiumque
939 835 979 884 ac
998 809 1148 885 Falisco·

165 958 319 1031 rumpet
331 958 373 1006 ea
386 934 479 1008 bella
493 931 753 1033 transfugerant
768 934 815 1005 ad
830 934 1028 1020 Romanos,
1052 958 1149 1031 ager·
1192 924 1195 934 ’

165 1080 235 1151 que
252 1052 297 1127 iis
323 1053 425 1127 novis
442 1051 582 1128 civibus
607 1054 816 1151 adfignatus.
866 1051 1041 1127 Revocati
1059 1078 1148 1149 quo-

165 1200 236 1272 que
259 1172 298 1245 in
311 1176 438 1247 urbem
458 1172 753 1247 senatusconsulto
768 1198 790 1246 a
807 1170 916 1268 Vejis,
947 1171 1010 1269 qui
1027 1172 1148 1247 aedifi-

165 1294 271 1368 candi
295 1296 434 1367 Romae
462 1290 617 1391 pigritia,
651 1290 835 1389 occupatis
861 1290 913 1366 ibi
940 1292 1061 1366 vacuis
1077 1316 1149 1367 tec-

165 1414 222 1502 tis,
257 1414 364 1509 Vejos
382 1411 416 1487 fe
432 1415 665 1488 contulerant.
717 1416 765 1485 Et
781 1412 897 1511 primo
914 1412 1075 1488 fremitus
1091 1412 1149 1488 fu-

167 1534 194 1608 it
212 1532 499 1630 adspemantium
520 1531 732 1631 imperium:
768 1532 844 1607 dies
862 1532 992 1609 deinde
1009 1535 1149 1631 praesti·

166 1675 243 1727 tuta
267 1651 494 1752 capitalisque
516 1680 644 1753 poena,
667 1652 731 1752 qui
748 1680 822 1727 non
839 1652 1052 1755 remigrasset
1072 1659 1149 1730 Ro·

165 1801 275 1861 mam
302 1802 347 1849 ex
373 1773 551 1849 ferocibus
574 1774 740 1848 universis
766 1776 933 1873 singulos,
960 1798 1060 1850 metu
1086 1774 1149 1851 suo

165 1920 364 1994 quemque,
405 1894 613 1969 obedientes
645 1892 741 1969 fecit.
793 1896 842 1967 Et
880 1896 1002 1969 Roma
1034 1924 1150 1995 quum

165 2013 366 2113 frequentia
375 2013 538 2102 crescere,
566 2036 645 2088 tum
660 2035 733 2088 tota
742 2016 845 2089 fimul
859 2014 1043 2115 exsurgere
1054 2016 1149 2091 aedi-

165 2134 271 2221 ficiis,
307 2138 340 2209 δι
362 2133 547 2233 republica
569 2134 729 2231 inpensas
749 2135 949 2231 adjuvante,
977 2136 1150 2213 &aedili-

165 2260 235 2331 bus
265 2258 365 2330 velut
391 2254 581 2353 publicum
608 2254 836 2354 exigentibus
865 2282 968 2355 opus,
1010 2262 1044 2332 δι
1074 2257 1150 2359 ipsis

166 2375 310 2479 privatis
340 2378 572 2474 (admonebat
588 2374 686 2450 enim
703 2376 914 2452 defiderium
931 2377 1030 2474 usus)
1056 2378 1150 2454 festi-

168 2497 336 2573 nantibus
369 2498 415 2571 ad
445 2498 611 2571 effessum
639 2495 763 2596 operis.
824 2500 990 2596 Intraque
1014 2526 1150 2575 annum

166 2646 259 2693 nova
277 2620 362 2693 urbs
379 2616 483 2691 stetit.
534 2618 645 2692 Exitu
663 2618 747 2691 anni
760 2617 906 2693 comitia
925 2618 1151 2695 tribunorum

167 2740 327 2813 militum
358 2736 531 2819 consulari
560 2737 727 2836 potestate
761 2738 890 2813 habita.
953 2740 1070 2813 Creati
1104 2744 1151 2815 T.

169 2859 363 2961 Qtinslius
404 2858 652 2945 Cincinnatus,
702 2864 761 2959 Q
793 2858 958 2935 Servilius
999 2860 1151 2937 Fidenas

168 2979 352 3078 quintum,
380 2984 427 3053 L.
449 2979 569 3074 Julius
586 2981 706 3074 Julus‚
732 2983 779 3054 L.
804 2980 988 3078 Aquillius
1001 2984 1151 3071 Corvus,

169 3103 214 3175 L„
232 3099 424 3175 Lucretius
450 3098 699 3198 Tricipitinus,
727 3103 799 3175 Ser.
822 3102 1001 3201 Sulpicius
1018 3101 1151 3177 Rufus.

171 3220 380 3295 Exercitum
409 3222 560 3294 alterum
587 3219 625 3293 in
643 3226 807 3320 Aequos,
835 3248 908 3296 non
930 3223 977 3296 ad
1002 3224 1151 3312 bellum,

171 3339 300 3438 (vistos
326 3366 483 3437 namque
510 3339 544 3413 se
570 3340 786 3437 fatebantur)
828 3343 888 3417 sed
920 3347 966 3418 ab
998 3342 1086 3418 odio
1108 3348 1154 3419 ad

169 3459 416 3559 pervastandos
440 3462 541 3548 sines,
567 3488 612 3535 ne
642 3461 735 3559 quid
760 3464 806 3537 ad
829 3489 922 3537 nova
945 3462 1086 3537 consilia
1095 3490 1153 3545 re-

169 3580 372 3678 linquerent
396 3580 541 3668 virium,
584 3583 740 3655 duxere=
785 3585 936 3658 alterum
961 3582 998 3656 in
1029 3610 1153 3683 agrum

168 3700 477 3799 Tarquiniensem.
527 3700 583 3775 Ibi
600 3700 734 3799 oppida
755 3701 984 3777 Etruscorum
1001 3706 1153 3779 Cortuo-

170 3819 204 3895 sa
219 3826 255 3895 &
274 3823 498 3896 Contenebra
509 3820 546 3894 vi
563 3840 665 3919 capta
675 3821 875 3920 dirutaque.
926 3825 989 3898 Ad
1002 3826 1155 3900 Cortuo-

172 3940 242 4016 sam
259 3942 351 4015 nihil
374 3940 574 4015 certaminis
597 3939 678 4015 fuit.
728 3940 910 4040 Inproviso
932 3942 1058 4031 adorti,
1084 3945 1155 4043 pri-

169 4088 234 4137 ‚mo
248 4064 401 4139 clamore
420 4084 528 4160 atque
541 4061 667 4161 inpetu
684 4088 823 4161 cepere:
857 4062 1035 4162 direptum
1052 4066 1155 4165 oppi-

1057 4454 1084 4495 -Ῑ
