3067 5342
487 622 815 697 LtunttV.
1102 624 1144 695 81·

214 798 373 874 XLVII.
401 799 504 872 Dum
531 796 617 872 haec
643 797 738 894 Vejis
761 800 969 897 agebantur,
1004 792 1147 869 interim

161 944 226 993 arx
238 921 380 993 Romae
397 917 690 1016 Capitoliumque
710 916 748 990 in
765 914 902 1015 ingenti
916 914 1075 1013 periculo
1088 916 1144 990 fu·

163 1037 205 1113 it.
255 1042 426 1137 Namque
443 1035 553 1125 Galli,
578 1035 637 1111 seu
662 1036 811 1136 vestigio
828 1056 948 1111 notato
973 1038 1145 1124 humano,

160 1182 237 1257 qua
262 1155 416 1231 nuncius
446 1184 468 1229 a
490 1156 585 1252 Vejis
612 1178 828 1256 pervenerat,
853 1155 913 1230 seu
938 1154 999 1230 sua
1022 1155 1144 1255 sponte

158 1275 403 1351 animadverso
424 1278 470 1351 ad
493 1276 689 1351 Carmentis
714 1276 879 1350 saxorum
901 1274 1068 1349 adscensu
1088 1304 1143 1349 ae-

157 1423 250 1497 quo,
275 1398 380 1471 noete
397 1394 575 1484 sublustri,
600 1417 716 1494 quum
732 1394 850 1493 primo
867 1393 1052 1483 inermem,
1078 1396 1143 1493 qui

157 1537 307 1591 tentaret
323 1515 432 1603 viam,
459 1514 717 1613 praemistssent,
744 1518 919 1589 tradentes
936 1514 1019 1589 inde
1032 1541 1141 1604 arma,

157 1635 225 1712 ubi
252 1634 345 1734 quid
370 1635 487 1734 iniqui
508 1637 602 1722 effer,
630 1634 753 1709 alterni
771 1634 885 1723 innlsr,
911 1632 1142 1710 sublevantes-

157 1782 231 1855 que
254 1756 293 1830 in
309 1755 428 1832 vicem
447 1761 482 1829 &
499 1757 672 1829 trahentes
689 1754 748 1829 alii
772 1754 872 1843 alios,
899 1776 1006 1851 prout
1022 1754 1140 1853 postu·

157 1877 245 1950 latet
259 1878 378 1964 locus3
406 1896 504 1950 tanto
526 1875 661 1949 filentio
683 1875 721 1949 in
739 1874 919 1949 summum
937 1873 1083 1962 evasere,
1101 1896 1141 1949 ut

157 2022 234 2069 non
256 1996 420 2071 custodes
444 1996 558 2070 solum
575 1994 746 2084 fallerent,
772 1994 831 2070 sed
860 2021 904 2069 ne
932 2020 1034 2070 canes
1061 1994 1140 2093 qui·

156 2116 256 2203 dem,
282 2113 473 2219 sollicitum
502 2115 633 2189 animal
663 2116 709 2189 ad
738 2118 945 2190 noslurnos,
963 2114 1137 2215 strepitus,

156 2232 361 2309 excitarent.
412 2233 561 2309 Anseres
588 2262 661 2310 non
684 2235 849 2323 fefellere,
876 2235 1008 2333 quibus
1037 2234 1139 2311 sacris

153 2352 294 2450 Junoni
311 2353 349 2427 in
365 2351 504 2429 summa
523 2353 644 2454 inopia
659 2355 731 2430 cibi
755 2378 874 2431 tamen
889 2357 1137 2432 abstinebatur.

154 2478 259 2575 Qae
288 2499 343 2548 res
369 2472 469 2548 saluti
495 2473 576 2549 suit.
626 2478 795 2574 Namque
822 2478 985 2575 clangore
1013 2500 1137 2549 eorum

154 2596 364 2689 alarumque
381 2592 517 2691 crepitu
532 2593 670 2670 excitus
688 2598 745 2669 M.
758 2595 931 2683 Manlius,
953 2594 1017 2693 qui
1031 2596 1137 2669 trien-
1237 2598 1240 2605 ’

154 2712 217 2787 nio
240 2733 323 2787 ante
345 2712 469 2788 consul
486 2713 612 2802 suerat,
636 2714 691 2789 vir
708 2717 802 2791 bello
829 2714 1004 2815 egregius,
1032 2716 1137 2791 armis

154 2835 323 2931 adreptis,
348 2836 451 2909 fimul
466 2837 514 2909 ad
529 2860 626 2909 arma
645 2856 778 2910 ceteros
793 2834 902 2923 ciens,
933 2834 1051 2923 vadit;
1087 2840 1135 2924 sc,

152 2955 244 3028 dum
261 2952 368 3028 ceteri
390 2954 581 3054 trepidant,
608 2956 770 3044 Gallum,
796 2960 860 3055 qui
880 2957 955 3051 jam
982 2954 1020 3029 in
1042 2953 1136 3028 sum-

151 3100 213 3147 mo
233 3073 448 3162 constiterat,
473 3078 633 3149 umbone
657 3074 771 3149 ictum
798 3077 975 3151 deturbat.
1024 3075 1136 3171 Cujus

150 3192 250 3267 casus
264 3196 410 3291 prolapfi
427 3220 544 3291 quum
556 3193 738 3293 proximos
755 3194 932 3283 sterneret,
958 3194 1134 3292 trepidan-

150 3334 201 3387 tes
222 3311 325 3400 alios,
351 3312 525 3411 armisque
554 3313 682 3389 omiffis
697 3312 790 3403 saxa,
818 3314 951 3413 quibus
970 3315 1134 3389 adhaere-

151 3434 250 3521 bant,
278 3431 445 3507 manibus
473 3435 668 3530 amplexos,
702 3434 867 3509 trucidat.
917 3437 1071 3533 Jamque
1099 3439 1133 3508 δι

148 3552 206 3625 alii
224 3552 432 3653 congregati
454 3551 532 3626 telis
549 3551 803 3651 miffilibusque
820 3552 908 3629 saxis
926 3558 1133 3652 proturbare

148 3673 275 3760 hostes,
302 3671 477 3770 ruinaque
504 3692 579 3755 tota
608 3671 766 3771 prolapsa
793 3672 885 3747 acies
908 3674 946 3747 in
969 3700 1133 3772 praeceps

148 3791 287 3867 d'eserri.
337 3793 467 3865 Sedato
489 3791 621 3866 deinde
648 3796 823 3881 tumultu,
849 3792 1028 3893 reliquum
1047 3820 1131 3868 noc-

149 3910 191 3985 tis
215 3917 410 4010 (quantum
427 3911 466 3985 in
479 3912 628 3987 turbatis
643 3914 826 3989 mentibus
842 3936 990 4012 poterat,
1016 3940 1133 4015 quum

110 4089 118 4105 .
149 4030 375 4129 praeteritum
392 4058 537 4131 quoque
559 4030 761 4131 periculum
778 4031 991 4129 sollicitaret)
1021 4036 1135 4134 quieti
