3067 5342
388 757 435 806 20
694 729 1009 805 T.L1vrr

392 931 451 980 ma
483 926 590 1000 atque
626 901 696 1002 ipse
730 903 871 1003 Sergius
909 907 1068 978 Romam
1109 903 1375 1002 pertenderunt.

391 1022 470 1099 Ubi
488 1049 602 1121 quum
617 1050 762 1098 omnem
777 1027 920 1123 culpam
938 1023 975 1097 in
986 1026 1161 1121 collegam
1174 1020 1373 1111 inclinaret,

390 1142 502 1218 adciti
520 1141 726 1241 Virginium
743 1169 789 1216 ex
806 1143 939 1228 eastris,
965 1142 1097 1216 interea
1112 1144 1261 1239 praeesse
1278 1144 1376 1241 lega-

392 1285 447 1336 tos
469 1261 613 1360 placuit.
665 1265 758 1336 Acla
773 1263 905 1337 deinde
919 1261 956 1334 in
974 1261 1092 1336 senatu
1108 1288 1159 1336 res
1175 1261 1238 1348 est,
1264 1283 1376 1337 certa·

392 1403 544 1481 tumque
568 1382 657 1456 inter
675 1384 827 1481 collegas
844 1381 1053 1456 maledidis.
1103 1381 1214 1456 Pauci
1231 1379 1376 1480 reipub·

392 1503 493 1591 licae,
518 1503 605 1578 huic
623 1525 728 1602 atque
747 1502 813 1591 illi,
839 1524 881 1576 ut
898 1500 1059 1600 quosque
1085 1501 1244 1576 studium
1260 1500 1377 1599 priva-

393 1621 459 1698 tim
475 1645 536 1698 aut
558 1623 669 1722 gratia
683 1643 962 1720 occupaverunt,
989 1618 1126 1696 adsunt.

443 1745 508 1818 IX.
535 1744 710 1817 Primores
726 1747 886 1829 Parrum,
919 1745 987 1814 five
1011 1742 1118 1837 culpa
1142 1743 1209 1814 five
1226 1737 1378 1816 infelici·

395 1883 465 1938 tate
489 1862 740 1961 imperatorum
764 1884 838 1936 tam
868 1859 1104 1960 ignominiosa
1120 1860 1236 1935 clades
1252 1888 1379 1960 accep·

395 2005 432 2056 ta
460 1985 555 2070 esset,
581 1980 758 2069 censuere,
786 1993 812 2026 “
830 1985 918 2055 Non
943 1978 1221 2076 exspedlandum
1239 1981 1379 2077 justum

397 2112 583 2200 “tempus
612 2101 856 2187 comitiorum,
882 2099 942 2174 sed
973 2101 1155 2196 extemplo
1183 2125 1295 2174 novos
1317 2101 1379 2174 tri·

397 2223 558 2296 “bunos
591 2221 748 2296 militum
782 2221 951 2295 creandos
992 2221 1073 2306 effe,
1110 2218 1174 2316 qui
1207 2219 1379 2296 Kalendis

397 2349 422 2383 “
442 2339 660 2415 Oblobribus
678 2339 920 2438 magistratum
933 2337 1171 2437 occiperent.’'
1208 2343 1250 2414 In
1267 2366 1380 2439 quarn

396 2455 602 2533 sententiam
630 2485 745 2557 quum
776 2459 928 2557 pedibus
962 2457 1083 2546 iretur,
1109 2459 1216 2533 ceteri
1242 2458 1380 2535 tribuni

396 2577 555 2654 militum
579 2578 669 2652 nihil
692 2578 944 2654 contradicere.
995 2583 1047 2654 At
1063 2579 1245 2654 enimvero
1263 2580 1379 2680 Sergi-

398 2726 440 2774 us
468 2699 735 2799 Virginiusque,
759 2721 901 2796 propter
927 2726 1019 2797 quos
1047 2698 1227 2797 poenitere
1252 2699 1380 2799 magis-

399 2841 555 2894 tratuum
576 2821 650 2916 ejus
672 2818 756 2894 anni
772 2817 930 2894 senatum
956 2821 1158 2918 adparebat,
1184 2818 1300 2917 primo
1317 2822 1380 2895 de·

399 2939 532 3036 precati
560 2938 809 3037 ignominiam,
835 2939 967 3014 deinde
990 2938 1207 3014 intercedere
1230 2938 1382 3015 senatus·

400 3057 577 3134 consulto:
609 3085 749 3158 negare,
773 3057 808 3139 se
838 3081 918 3134 ante
948 3061 1034 3134 Idus
1058 3062 1288 3147 Decembres,
1313 3057 1382 3136 sol·

399 3180 555 3252 lemnem
594 3177 759 3253 ineundis
792 3178 1051 3277 magistratibus
1089 3179 1201 3268 diem,
1245 3181 1382 3254 honore

400 3299 557 3374 abituros
586 3301 665 3372 effe.
714 3299 809 3371 Inter
835 3302 921 3372 haec
946 3298 1082 3374 tribuni
1111 3299 1238 3397 plebis,
1264 3325 1382 3396 quum

401 3417 438 3492 in
457 3417 648 3492 concordia
670 3415 860 3492 hominum
876 3416 1107 3516 secundisque
1127 3423 1233 3494 rebus
1258 3417 1382 3496 civita·

401 3537 446 3612 tis
463 3535 566 3610 inviti
584 3535 758 3610 silentium
782 3537 981 3626 tenuissent,
999 3539 1132 3615 seroces
1153 3559 1297 3636 repente
1315 3539 1383 3614 rni-

401 3655 476 3734 nari
504 3655 657 3739 tribunis
679 3655 849 3745 militum,
877 3658 938 3732 nisr
964 3658 1002 3734 in
1025 3659 1230 3734 aucloritate
1246 3658 1384 3734 senatus

400 3780 522 3865 essent,
548 3776 581 3853 se
599 3777 638 3850 in
654 3777 799 3853 vincula
814 3805 874 3852 eos
890 3778 977 3853 duci
991 3779 1144 3875 juffuros
1160 3782 1238 3854 effe.
1281 3784 1383 3856 Turn

401 3901 445 3972 C.
476 3897 642 3972 Servilius
674 3899 790 3972 Ahala
817 3899 982 3973 tribunus
1015 3899 1190 3974 militum:
1226 3903 1384 4001 “Qud

403 4027 429 4060 “
447 4018 573 4091 advos
590 4017 739 4106 adtinet,
772 4018 907 4093 tribuni
936 4019 1064 4117 plebis,
1095 4018 1280 4119 minasque
1309 4021 1382 4096 ves·

404 4146 429 4190 ⁶‘
449 4157 528 4226 tras,
563 4163 627 4212 nae
660 4163 729 4238 ego
761 4137 911 4214 libenter
939 4138 1127 4238 experirer,
1169 4167 1280 4240 quam
1310 4167 1383 4218 non
