3067 5342
366 604 433 700 198
727 595 1021 674 T-L1v11

368 786 393 821 ‘⁴
411 795 491 849 tort
522 774 628 848 verba
651 797 716 871 pro
745 769 903 846 exercitu
930 767 1059 844 feceret
1084 767 1165 842 Sex.
1187 763 1344 854 Tullius,
1490 756 1495 795 ¹

368 905 394 940 “
412 913 454 968 ut
462 891 592 966 virtute
605 892 680 986 ejus
697 889 851 992 dignum
866 891 983 966 effet.”

422 1015 525 1089 xlll.
548 1011 749 1110 Septimum
777 1009 935 1110 primum
965 1007 1080 1108 pilum
1104 1005 1180 1102 jam
1206 1004 1351 1082 Tullius

369 1135 544 1219 ducebam
573 1156 690 1230 neque
703 1153 775 1206 etat
789 1129 827 1206 in
844 1128 1015 1218 exercitu,
1042 1127 1107 1228 qui
1123 1125 1274 1226 quidem
1291 1151 1352 1226 pe·

370 1252 499 1331 destria
520 1251 695 1350 stipendio
720 1250 865 1340 feciffet,
890 1249 945 1326 vir
966 1247 1067 1326 fectis
1089 1245 1255 1326 nobilior.
1305 1247 1353 1336 Is,

371 1375 585 1474 praecedens
606 1371 765 1448 militum
789 1396 930 1471 agmen,
962 1369 1009 1444 ad
1034 1367 1191 1448 tribunal
1218 1365 1354 1466 pergit3

373 1491 590 1590 mirantique
613 1490 774 1590 Sulpicio
804 1517 877 1564 non
910 1491 1052 1564 turbam
1081 1485 1208 1588 magis,
1245 1511 1357 1585 quam

375 1614 499 1696 turbae
516 1609 715 1710 principem
732 1609 912 1698 Tullium,
943 1607 1100 1708 imperiis
1121 1605 1357 1683 obedientiffi-

376 1759 481 1813 mum
522 1730 688 1818 militem,
736 1741 762 1778 “
793 1727 948 1816 Scilicet,
991 1727 1178 1816 dictator?
1224 1725 1359 1825 inquit,

378 1862 404 1900 ‘⁴
422 1853 701 1929 condemnatum
718 1848 752 1942 se
767 1847 951 1924 universus
970 1845 1182 1924 exercitusa
1204 1869 1239 1923 te
1258 1847 1359 1946 igne-

379 1981 406 2018 “
423 1969 501 2046 viae
519 1990 626 2058 ratus,
655 1975 689 2044 ἃ
707 1995 815 2068 prope
842 1969 1059 2068 ignominiae
1077 1969 1191 2044 caussa
1213 1965 1360 2042 destitu-

381 2101 407 2153 ⁵‘
425 2112 505 2164 tum
531 2093 601 2162 srne
626 2089 745 2176 armis,
771 2087 884 2165 oravit
909 2115 980 2180 me,
1013 2111 1056 2166 ut
1085 2087 1184 2166 suem
1208 2089 1361 2164 caussam
1484 2075 1488 2088 ⁸

381 2221 408 2257 “
426 2211 524 2305 apud
552 2229 588 2285 te
608 2233 761 2308 egerem.
813 2207 1009 2308 Equidem,
1040 2206 1151 2284 ficubi
1180 2207 1261 2282 loco
1290 2203 1361 2284 ces·

382 2341 409 2390 l‘
426 2328 519 2416 sum,
545 2331 570 2402 fi
595 2348 692 2426 tergo
717 2330 800 2404 date
825 2327 931 2417 hosti,
957 2332 980 2402 fi
1002 2333 1098 2428 figna
1113 2327 1218 2402 foede
1244 2325 1364 2402 nniffr

381 2459 408 2498 “
426 2445 536 2543 objici
551 2445 655 2523 nobis
672 2449 821 2543 poffent,
854 2468 973 2522 tamen
1004 2451 1074 2526 hoc
1097 2473 1119 2523 a
1140 2469 1175 2524 te
1197 2445 1363 2546 inpetrari

383 2579 409 2618 “
426 2593 584 2668 aequum
600 2563 791 2654 censerem,
820 2587 864 2642 ut
886 2593 950 2642 nos
966 2567 1097 2642 virtute
1120 2569 1264 2666 culpem
1286 2563 1364 2643 nos·

384 2700 520 2765 “tram
549 2686 736 2787 corrigere,
770 2692 807 2761 δε
836 2689 974 2764 abolete
999 2686 1125 2787 flagitii
1154 2685 1365 2764 memoriam

385 2821 411 2861 ‘⁴
429 2836 522 2885 nova
547 2806 659 2908 gloria
687 2805 861 2906 patereris.
912 2805 1031 2884 Etiam
1052 2807 1099 2881 ad
1113 2805 1248 2882 Alliam
1270 2804 1366 2884 fuste

385 2921 588 3028 “legiones
619 2929 796 3016 eamdem,
829 2951 938 3026 quam
967 2953 1031 3028 per
1055 2952 1222 3028 pavorem
1243 2926 1366 3004 amise-

387 3059 414 3096 “
432 3069 522 3136 rant,
552 3045 716 3144 patriam,
745 3046 920 3146 profectae
945 3047 1064 3146 postea
1091 3050 1137 3124 ab
1158 3045 1269 3144 Vejis,
1298 3047 1366 3125 vir·
1501 3057 1502 3094 r

387 3181 415 3234 4‘
434 3189 509 3244 tute
523 3191 781 3265 recuperavere.
831 3164 962 3255 Nobis,
997 3169 1119 3244 Derim
1136 3167 1368 3267 benignitate,
1501 3197 1502 3246 l

389 3300 417 3336 “
434 3287 602 3364 felicitate
618 3307 680 3360 tua
695 3283 891 3385 populique
907 3285 1078 3376 Rotnani,
1099 3291 1133 3364 ἃ
1152 3314 1204 3363 res
1214 3292 1249 3361 δι
1260 3287 1372 3388 gloria
1423 3275 1425 3281 ’

390 3418 418 3470 9‘
435 3406 486 3481 est
510 3405 656 3504 integra.
706 3408 937 3506 Qramquam
964 3407 1010 3480 de
1035 3407 1147 3506 gloria
1167 3405 1231 3482 vix
1254 3407 1372 3486 dicere
1501 3389 1502 3422 ³

391 3536 419 3592 ε*
435 3528 558 3612 ausim,
588 3526 693 3598 finos
709 3529 744 3598 δι
768 3524 885 3599 hostes
907 3527 1006 3601 haud
1029 3524 1142 3618 secus,
1172 3555 1282 3628 quem
1299 3529 1372 3604 foe·

394 3657 420 3710 ει
439 3643 566 3734 minas,
592 3642 732 3738 abditos
746 3641 837 3719 intra
852 3647 986 3722 vallum
1002 3646 1172 3724 omnibus
1188 3670 1372 3726 contume-

394 3777 421 3836 ε*
439 3765 495 3841 liis
521 3767 694 3853 eludunt3
727 3766 762 3838 δι
778 3783 817 3839 tu
834 3761 1024 3862 imperator
1039 3767 1167 3858 noster,
1200 3771 1303 3869 quod
1317 3795 1372 3846 ae·

395 3897 422 3956 4‘
440 3885 537 3986 grius
564 3883 731 3985 patimur,
764 3883 963 3964 exercitum
993 3907 1100 3981 tuum
1132 3893 1202 3970 fine
1232 3888 1372 3980 animis,

396 4017 423 4078 ε*
440 4011 510 4085 fine
529 4003 648 4109 armis,
672 4007 744 4097 fine.
759 4004 925 4084 manibus
935 4005 1077 4104 judices
1092 4011 1178 4100 effe,
1205 4011 1241 4086 ir
1262 4008 1371 4110 prior,
