3067 5342
405 743 449 819 52
710 719 1027 796 T.Lrv11

406 901 432 935 “
450 889 552 966 vobis
565 895 599 965 δι
620 891 829 989 imperatore
845 890 972 978 vestro,
1002 887 1169 963 dedimus
1182 913 1247 961 nos
1262 879 1386 974 vobin

408 1021 433 1055 “
453 1009 530 1099 tati,
574 1038 648 1110 quo
678 1010 767 1085 nihil
795 1009 920 1084 vidori
950 1008 1133 1108 pulchrius
1162 1008 1226 1096 est,
1259 1007 1389 1083 melius

407 1140 433 1174 “
453 1157 517 1204 nos
533 1127 598 1207 sub
622 1129 773 1228 imperio
794 1130 920 1218 vestro,
952 1155 1061 1229 quam
1083 1127 1223 1228 legibus
1246 1126 1386 1216 nostris,

408 1259 434 1294 “
452 1249 619 1324 viciuros.
685 1254 827 1324 Eventu
859 1251 964 1346 hujus
995 1248 1080 1326 belli
1117 1251 1194 1322 duo
1226 1246 1388 1323 salutaria

409 1379 434 1414 “
454 1371 617 1467 exempla
633 1370 774 1467 prodita
795 1373 954 1444 humano
971 1367 1091 1469 generi
1113 1368 1204 1443 sunt.
1255 1370 1330 1442 Vos
1346 1369 1389 1442 ft·

408 1492 537 1565 “dem
569 1489 606 1563 in
640 1492 747 1576 bello,
799 1515 909 1587 quam
939 1488 1155 1586 praesentem
1186 1487 1389 1575 vidoram,

410 1622 436 1655 “
454 1609 641 1684 maluistis:
666 1636 743 1696 nos,
778 1610 850 1683 fide
873 1609 1067 1706 provocati,
1093 1607 1279 1683 victoriam
1294 1609 1393 1682 ultro

408 1742 433 1775 “
453 1729 658 1804 detulimus.
712 1731 787 1802 Sub
813 1727 949 1802 ditione
976 1728 1087 1804 vestra
1113 1726 1245 1802 sumus.
1296 1727 1390 1802 Mit-

408 1862 433 1896 “
453 1851 530 1937 tite,
560 1847 624 1947 qui
640 1873 748 1935 arma,
779 1848 842 1947 qui
865 1849 1014 1935 obfides,
1041 1846 1106 1946 qui
1123 1851 1251 1924 urbem
1266 1868 1389 1946 paten-

410 1969 549 2044 “tibus
576 1967 686 2064 portis
702 1967 889 2066 accipiant.
939 1971 1020 2043 Nec
1041 1994 1105 2041 vos
1130 1966 1217 2041 fidei
1242 1968 1390 2055 nostrae,

409 2099 435 2132 “
454 2115 519 2162 nec
536 2114 601 2161 nos
624 2085 764 2185 imperii
781 2086 884 2162 vestri
901 2085 1133 2185 poenitebit.''
1182 2086 1338 2162 Camillo
1353 2091 1389 2160 dc

409 2210 454 2282 ab
480 2205 690 2281 hostibus&
716 2235 737 2280 a
761 2207 901 2282 civibus
930 2206 1059 2307 gratiae
1086 2209 1193 2280 aciae.
1244 2204 1388 2281 Faliscis

410 2325 447 2400 in
464 2325 682 2422 stipendium
698 2325 856 2402 militum
872 2328 945 2422 ejus
962 2325 1060 2414 anni,
1083 2347 1126 2400 ut
1144 2328 1299 2423 populus
1312 2329 1391 2402 Ro-

410 2471 536 2520 manus
553 2445 687 2520 tributo
708 2467 860 2534 vacaret,
891 2445 1045 2544 pecunia
1067 2444 1247 2542 imperata.
1297 2449 1391 2522 Pace

409 2567 503 2653 data,
538 2565 713 2640 exercitus
730 2568 890 2640 Romam
902 2567 1082 2640 reductus.

462 2687 637 2760 XXVIII.
667 2683 840 2760 Camillus
855 2684 1000 2759 meliore
1018 2687 1133 2760 multo
1145 2686 1265 2772 laude,
1279 2711 1392 2783 quam

409 2829 526 2902 quum
559 2803 840 2903 triumphantem
868 2803 940 2880 albi
969 2830 1032 2902 per
1065 2809 1193 2881 urbem
1224 2825 1394 2879 vexerant

410 2923 508 3021 equi,
552 2923 694 3022 infignis
721 2923 858 3020 justitia
885 2926 1043 3022 fideque,
1082 2924 1243 3000 hostibus
1274 2923 1392 3012 victis,

411 3068 527 3141 quum
552 3043 589 3117 in
605 3048 733 3119 urbem
748 3043 899 3132 rediffet,
927 3045 1032 3119 tacite
1048 3045 1123 3142 ejus
1134 3043 1394 3120 verecundiam

412 3187 484 3235 non
502 3163 585 3236 tulit
601 3161 750 3250 senatus,
775 3163 864 3261 quin
881 3167 950 3239 fine
964 3191 1063 3240 mora
1075 3165 1149 3239 voti
1165 3165 1390 3241 liberaretur:

410 3303 651 3379 crateramque
669 3309 811 3356 auream
830 3285 969 3358 donum
988 3283 1150 3382 Apollini
1165 3287 1327 3382 Delphos
1342 3287 1391 3359 le·

412 3399 485 3499 gati
511 3400 576 3496 qui
603 3401 743 3488 ferrent,
787 3406 834 3476 L.
861 3404 1032 3493 Valerius,
1083 3409 1129 3478 L.
1157 3402 1313 3503 Sergius,
1345 3408 1392 3477 A.

412 3517 588 3605 Manlius,
632 3519 721 3593 miffi
754 3523 862 3622 longa
884 3549 968 3596 -una
1000 3549 1101 3611 nave,
1135 3525 1233 3598 haud
1265 3526 1393 3621 procul

411 3637 501 3713 freto
518 3637 639 3714 Siculo
655 3666 676 3712 a
692 3639 813 3737 piratis
839 3641 1087 3739 Liparenlium
1103 3643 1259 3740 excepti,
1287 3645 1394 3718 deve-

411 3760 548 3833 huntur
571 3757 730 3857 Liparas.
781 3763 868 3834 Mos
893 3784 965 3836 erat
991 3763 1156 3853 civitatis,
1185 3765 1285 3837 velut
1301 3767 1395 3862 pub-

411 3878 482 3952 lico
500 3878 685 3954 latrocinio
711 3900 848 3976 partam
874 3884 1041 3978 praedam
1064 3882 1236 3959 dividere.
1287 3886 1396 3960 Forte

412 4025 456 4070 eo
482 4024 575 4072 anno
606 3998 644 4072 in
666 3997 808 4074 summo
838 4001 1041 4101 magistratu
1069 4025 1142 4077 erat
1157 3997 1396 4078 Timalitheus

411 4117 574 4216 quidam,
608 4119 784 4195 Romanis
798 4119 852 4194 vir
865 4120 1020 4211 fimilior,
1049 4148 1158 4220 quam
1172 4121 1253 4198 suis.
1302 4121 1395 4224 Qri,
