<?xml version="1.0" encoding="UTF-8"?>
<!DOCTYPE html PUBLIC "-//W3C//DTD XHTML 1.0 Transitional//EN"
    "http://www.w3.org/TR/xhtml1/DTD/xhtml1-transitional.dtd">
<html xmlns="http://www.w3.org/1999/xhtml" xml:lang="en" lang="en">
 <head>
  <title>
</title>
<meta http-equiv="Content-Type" content="text/html;charset=utf-8" />
  <meta name='ocr-system' content='tesseract 3.04.00' />
  <meta name='ocr-capabilities' content='ocr_page ocr_carea ocr_par ocr_line ocrx_word'/>
</head>
<body>
  <div class='ocr_page' id='page_1' title='image "./tliviipatavinih00homegoog_0368.png"; bbox 0 0 3067 5342; ppageno 0'>
   <div class='ocr_carea' id='block_1_1' title="bbox 388 723 1015 822">
    <p class='ocr_par' dir='ltr' id='par_1_1' title="bbox 388 723 1015 822">
     <span class='ocr_line' id='line_1_1' title="bbox 388 723 1015 822; baseline -0.003 -26"><span class='ocrx_word' id='word_1_1' title='bbox 388 725 460 822; x_wconf 80' lang='lat'>3⁶0</span> <span class='ocrx_word' id='word_1_2' title='bbox 702 723 1015 796; x_wconf 83' lang='lat' dir='ltr'>T.Ltv11</span> 
     </span>
    </p>
   </div>
   <div class='ocr_carea' id='block_1_2' title="bbox 382 886 1371 3742">
    <p class='ocr_par' dir='ltr' id='par_1_2' title="bbox 382 886 1371 3742">
     <span class='ocr_line' id='line_1_2' title="bbox 391 886 1368 994; baseline -0.002 -26"><span class='ocrx_word' id='word_1_3' title='bbox 391 891 471 968; x_wconf 91' lang='lat' dir='ltr'>miti</span> <span class='ocrx_word' id='word_1_4' title='bbox 503 893 688 982; x_wconf 85' lang='lat' dir='ltr'>Samnites,</span> <span class='ocrx_word' id='word_1_5' title='bbox 712 891 777 994; x_wconf 92' lang='lat' dir='ltr'>qui</span> <span class='ocrx_word' id='word_1_6' title='bbox 807 891 980 968; x_wconf 78' lang='lat' dir='ltr'>Luceriae</span> <span class='ocrx_word' id='word_1_7' title='bbox 1008 890 1047 966; x_wconf 92' lang='lat' dir='ltr'>in</span> <span class='ocrx_word' id='word_1_8' title='bbox 1070 886 1237 990; x_wconf 72' lang='lat' dir='ltr'>praefidio</span> <span class='ocrx_word' id='word_1_9' title='bbox 1259 911 1368 978; x_wconf 78' lang='lat' dir='ltr'>erant,</span> 
     </span>
     <span class='ocr_line' id='line_1_3' title="bbox 390 1011 1367 1112; baseline -0.002 -24"><span class='ocrx_word' id='word_1_10' title='bbox 390 1015 524 1112; x_wconf 81' lang='lat' dir='ltr'>legatos</span> <span class='ocrx_word' id='word_1_11' title='bbox 545 1011 667 1088; x_wconf 79' lang='lat' dir='ltr'>misere</span> <span class='ocrx_word' id='word_1_12' title='bbox 692 1015 739 1087; x_wconf 83' lang='lat' dir='ltr'>ad</span> <span class='ocrx_word' id='word_1_13' title='bbox 754 1012 935 1089; x_wconf 91' lang='lat' dir='ltr'>consulem</span> <span class='ocrx_word' id='word_1_14' title='bbox 968 1015 1190 1098; x_wconf 71' lang='lat' dir='ltr'>Romanum,</span> <span class='ocrx_word' id='word_1_15' title='bbox 1227 1031 1282 1098; x_wconf 88' lang='lat' dir='ltr'>ut,</span> <span class='ocrx_word' id='word_1_16' title='bbox 1317 1036 1367 1086; x_wconf 86' lang='lat' dir='ltr'>te-</span> 
     </span>
     <span class='ocr_line' id='line_1_4' title="bbox 392 1129 1370 1233; baseline -0.005 -24"><span class='ocrx_word' id='word_1_17' title='bbox 392 1132 503 1230; x_wconf 84' lang='lat' dir='ltr'>ceptis</span> <span class='ocrx_word' id='word_1_18' title='bbox 517 1131 714 1231; x_wconf 80' lang='lat' dir='ltr'>equitibus,</span> <span class='ocrx_word' id='word_1_19' title='bbox 744 1133 809 1233; x_wconf 92' lang='lat' dir='ltr'>qui</span> <span class='ocrx_word' id='word_1_20' title='bbox 827 1135 940 1208; x_wconf 76' lang='lat' dir='ltr'>cauffa</span> <span class='ocrx_word' id='word_1_21' title='bbox 955 1129 1039 1207; x_wconf 89' lang='lat' dir='ltr'>belli</span> <span class='ocrx_word' id='word_1_22' title='bbox 1052 1131 1172 1216; x_wconf 86' lang='lat' dir='ltr'>effent,</span> <span class='ocrx_word' id='word_1_23' title='bbox 1198 1131 1370 1206; x_wconf 81' lang='lat' dir='ltr'>abfisteret</span> 
     </span>
     <span class='ocr_line' id='line_1_5' title="bbox 391 1248 1370 1350; baseline 0 -24"><span class='ocrx_word' id='word_1_24' title='bbox 391 1251 584 1327; x_wconf 78' lang='lat' dir='ltr'>obfidione.</span> <span class='ocrx_word' id='word_1_25' title='bbox 634 1251 707 1328; x_wconf 83' lang='lat' dir='ltr'>His</span> <span class='ocrx_word' id='word_1_26' title='bbox 732 1251 893 1350; x_wconf 85' lang='lat' dir='ltr'>Papirius</span> <span class='ocrx_word' id='word_1_27' title='bbox 924 1250 971 1325; x_wconf 87' lang='lat' dir='ltr'>ita</span> <span class='ocrx_word' id='word_1_28' title='bbox 997 1248 1195 1348; x_wconf 83' lang='lat' dir='ltr'>respondit:</span> <span class='ocrx_word' id='word_1_29' title='bbox 1237 1261 1262 1294; x_wconf 91' lang='lat'><strong>“</strong></span> <span class='ocrx_word' id='word_1_30' title='bbox 1296 1253 1370 1326; x_wconf 85' lang='lat' dir='ltr'>De-</span> 
     </span>
     <span class='ocr_line' id='line_1_6' title="bbox 391 1367 1371 1469; baseline -0.004 -21"><span class='ocrx_word' id='word_1_31' title='bbox 391 1381 419 1416; x_wconf 87' lang='lat'>“</span> <span class='ocrx_word' id='word_1_32' title='bbox 437 1371 548 1448; x_wconf 80' lang='lat' dir='ltr'>buiffe</span> <span class='ocrx_word' id='word_1_33' title='bbox 583 1397 644 1446; x_wconf 81' lang='lat' dir='ltr'>eos</span> <span class='ocrx_word' id='word_1_34' title='bbox 680 1371 866 1465; x_wconf 82' lang='lat' dir='ltr'>Pontium,</span> <span class='ocrx_word' id='word_1_35' title='bbox 909 1367 1086 1446; x_wconf 88' lang='lat' dir='ltr'>Herennii</span> <span class='ocrx_word' id='word_1_36' title='bbox 1119 1367 1250 1459; x_wconf 90' lang='lat' dir='ltr'>filium,</span> <span class='ocrx_word' id='word_1_37' title='bbox 1296 1395 1371 1469; x_wconf 91' lang='lat' dir='ltr'>quo</span> 
     </span>
     <span class='ocr_line' id='line_1_7' title="bbox 391 1487 1371 1590; baseline 0 -26"><span class='ocrx_word' id='word_1_38' title='bbox 391 1499 418 1536; x_wconf 77' lang='lat'>‘⁸</span> <span class='ocrx_word' id='word_1_39' title='bbox 435 1493 576 1566; x_wconf 67' lang='lat' dir='ltr'>auctore</span> <span class='ocrx_word' id='word_1_40' title='bbox 603 1493 789 1566; x_wconf 82' lang='lat' dir='ltr'>Romanos</span> <span class='ocrx_word' id='word_1_41' title='bbox 811 1489 876 1566; x_wconf 92' lang='lat' dir='ltr'>sub</span> <span class='ocrx_word' id='word_1_42' title='bbox 896 1490 1028 1590; x_wconf 82' lang='lat' dir='ltr'>jugum</span> <span class='ocrx_word' id='word_1_43' title='bbox 1045 1487 1220 1579; x_wconf 71' lang='lat' dir='ltr'>misissent,</span> <span class='ocrx_word' id='word_1_44' title='bbox 1245 1488 1371 1564; x_wconf 87' lang='lat' dir='ltr'>consu·-</span> 
     </span>
     <span class='ocr_line' id='line_1_8' title="bbox 391 1609 1368 1709; baseline 0.001 -26"><span class='ocrx_word' id='word_1_45' title='bbox 391 1619 418 1656; x_wconf 88' lang='lat'>“</span> <span class='ocrx_word' id='word_1_46' title='bbox 434 1612 518 1698; x_wconf 85' lang='lat' dir='ltr'>lere,</span> <span class='ocrx_word' id='word_1_47' title='bbox 558 1611 650 1708; x_wconf 90' lang='lat' dir='ltr'>quid</span> <span class='ocrx_word' id='word_1_48' title='bbox 679 1610 782 1686; x_wconf 69' lang='lat' dir='ltr'>vidis</span> <span class='ocrx_word' id='word_1_49' title='bbox 808 1610 1018 1709; x_wconf 83' lang='lat' dir='ltr'>patiendum</span> <span class='ocrx_word' id='word_1_50' title='bbox 1047 1609 1212 1686; x_wconf 69' lang='lat' dir='ltr'>censeret„</span> <span class='ocrx_word' id='word_1_51' title='bbox 1265 1610 1368 1684; x_wconf 84' lang='lat' dir='ltr'>Cete-</span> 
     </span>
     <span class='ocr_line' id='line_1_9' title="bbox 390 1725 1368 1828; baseline -0.003 -24"><span class='ocrx_word' id='word_1_52' title='bbox 390 1739 417 1774; x_wconf 87' lang='lat'>“</span> <span class='ocrx_word' id='word_1_53' title='bbox 434 1755 529 1818; x_wconf 81' lang='lat' dir='ltr'>nrm,</span> <span class='ocrx_word' id='word_1_54' title='bbox 555 1728 728 1828; x_wconf 85' lang='lat' dir='ltr'>quoniam</span> <span class='ocrx_word' id='word_1_55' title='bbox 743 1733 798 1808; x_wconf 71' lang='lat' dir='ltr'>,eb</span> <span class='ocrx_word' id='word_1_56' title='bbox 820 1729 979 1808; x_wconf 86' lang='lat' dir='ltr'>hostibus</span> <span class='ocrx_word' id='word_1_57' title='bbox 1003 1731 1041 1804; x_wconf 91' lang='lat' dir='ltr'>in</span> <span class='ocrx_word' id='word_1_58' title='bbox 1058 1729 1091 1806; x_wconf 91' lang='lat' dir='ltr'>se</span> <span class='ocrx_word' id='word_1_59' title='bbox 1113 1754 1227 1828; x_wconf 74' lang='lat' dir='ltr'>teque</span> <span class='ocrx_word' id='word_1_60' title='bbox 1252 1725 1368 1815; x_wconf 78' lang='lat' dir='ltr'>stetui,</span> 
     </span>
     <span class='ocr_line' id='line_1_10' title="bbox 391 1846 1369 1950; baseline -0.005 -26"><span class='ocrx_word' id='word_1_61' title='bbox 391 1861 417 1894; x_wconf 79' lang='lat'>‘⁴</span> <span class='ocrx_word' id='word_1_62' title='bbox 434 1875 544 1948; x_wconf 77' lang='lat' dir='ltr'>quem</span> <span class='ocrx_word' id='word_1_63' title='bbox 562 1849 599 1924; x_wconf 88' lang='lat' dir='ltr'>in</span> <span class='ocrx_word' id='word_1_64' title='bbox 622 1848 656 1924; x_wconf 88' lang='lat' dir='ltr'>se</span> <span class='ocrx_word' id='word_1_65' title='bbox 679 1849 738 1950; x_wconf 85' lang='lat' dir='ltr'>ipfi</span> <span class='ocrx_word' id='word_1_66' title='bbox 756 1848 856 1938; x_wconf 85' lang='lat' dir='ltr'>serre,</span> <span class='ocrx_word' id='word_1_67' title='bbox 882 1849 1084 1939; x_wconf 79' lang='lat' dir='ltr'>maluerint,</span> <span class='ocrx_word' id='word_1_68' title='bbox 1109 1846 1276 1924; x_wconf 79' lang='lat' dir='ltr'>nunciare</span> <span class='ocrx_word' id='word_1_69' title='bbox 1291 1849 1369 1921; x_wconf 89' lang='lat' dir='ltr'>Lu·</span> 
     </span>
     <span class='ocr_line' id='line_1_11' title="bbox 389 1967 1368 2068; baseline -0.005 -23"><span class='ocrx_word' id='word_1_70' title='bbox 389 1981 416 2016; x_wconf 86' lang='lat'>“</span> <span class='ocrx_word' id='word_1_71' title='bbox 434 1968 586 2045; x_wconf 85' lang='lat' dir='ltr'>ceriam”</span> <span class='ocrx_word' id='word_1_72' title='bbox 596 1968 706 2068; x_wconf 82' lang='lat' dir='ltr'>juffit,</span> <span class='ocrx_word' id='word_1_73' title='bbox 733 1981 759 2014; x_wconf 90' lang='lat'>“</span> <span class='ocrx_word' id='word_1_74' title='bbox 777 1995 886 2058; x_wconf 75' lang='lat' dir='ltr'>arma,</span> <span class='ocrx_word' id='word_1_75' title='bbox 911 1967 1069 2057; x_wconf 79' lang='lat' dir='ltr'>sarcinas,</span> <span class='ocrx_word' id='word_1_76' title='bbox 1087 1969 1263 2067; x_wconf 81' lang='lat' dir='ltr'>jumenta,</span> <span class='ocrx_word' id='word_1_77' title='bbox 1276 1967 1368 2042; x_wconf 88' lang='lat' dir='ltr'>mul·</span> 
     </span>
     <span class='ocr_line' id='line_1_12' title="bbox 389 2085 1367 2166; baseline -0.004 -2"><span class='ocrx_word' id='word_1_78' title='bbox 389 2101 415 2135; x_wconf 86' lang='lat'>“</span> <span class='ocrx_word' id='word_1_79' title='bbox 434 2090 625 2166; x_wconf 84' lang='lat' dir='ltr'>titudinem</span> <span class='ocrx_word' id='word_1_80' title='bbox 643 2115 787 2164; x_wconf 86' lang='lat' dir='ltr'>omnem</span> <span class='ocrx_word' id='word_1_81' title='bbox 808 2089 977 2164; x_wconf 84' lang='lat' dir='ltr'>inbellem</span> <span class='ocrx_word' id='word_1_82' title='bbox 998 2087 1089 2164; x_wconf 82' lang='lat' dir='ltr'>intra</span> <span class='ocrx_word' id='word_1_83' title='bbox 1105 2087 1247 2162; x_wconf 82' lang='lat' dir='ltr'>moenia</span> <span class='ocrx_word' id='word_1_84' title='bbox 1264 2085 1367 2162; x_wconf 87' lang='lat' dir='ltr'>relin-</span> 
     </span>
     <span class='ocr_line' id='line_1_13' title="bbox 389 2203 1368 2308; baseline -0.005 -24"><span class='ocrx_word' id='word_1_85' title='bbox 389 2219 416 2256; x_wconf 85' lang='lat'><strong>“</strong></span> <span class='ocrx_word' id='word_1_86' title='bbox 433 2231 598 2308; x_wconf 67' lang='lat' dir='ltr'>querente</span> <span class='ocrx_word' id='word_1_87' title='bbox 625 2208 777 2284; x_wconf 87' lang='lat' dir='ltr'>militem</span> <span class='ocrx_word' id='word_1_88' title='bbox 807 2207 841 2284; x_wconf 91' lang='lat' dir='ltr'>se</span> <span class='ocrx_word' id='word_1_89' title='bbox 871 2235 955 2284; x_wconf 90' lang='lat' dir='ltr'>cum</span> <span class='ocrx_word' id='word_1_90' title='bbox 982 2206 1125 2307; x_wconf 83' lang='lat' dir='ltr'>fingulis</span> <span class='ocrx_word' id='word_1_91' title='bbox 1153 2203 1368 2282; x_wconf 82' lang='lat' dir='ltr'>vestimentis</span> 
     </span>
     <span class='ocr_line' id='line_1_14' title="bbox 390 2326 1369 2426; baseline -0.002 -24"><span class='ocrx_word' id='word_1_92' title='bbox 390 2339 416 2374; x_wconf 88' lang='lat'>“</span> <span class='ocrx_word' id='word_1_93' title='bbox 434 2327 642 2426; x_wconf 85' lang='lat' dir='ltr'>subjugum</span> <span class='ocrx_word' id='word_1_94' title='bbox 656 2326 856 2416; x_wconf 85' lang='lat' dir='ltr'>miffumm,</span> <span class='ocrx_word' id='word_1_95' title='bbox 873 2326 1104 2404; x_wconf 88' lang='lat' dir='ltr'>ulciscentem</span> <span class='ocrx_word' id='word_1_96' title='bbox 1121 2326 1279 2415; x_wconf 77' lang='lat' dir='ltr'>inlatam,</span> <span class='ocrx_word' id='word_1_97' title='bbox 1296 2351 1369 2400; x_wconf 86' lang='lat' dir='ltr'>non</span> 
     </span>
     <span class='ocr_line' id='line_1_15' title="bbox 389 2445 1368 2546; baseline 0.003 -27"><span class='ocrx_word' id='word_1_98' title='bbox 389 2457 562 2522; x_wconf 81' lang='lat' dir='ltr'>“novam</span> <span class='ocrx_word' id='word_1_99' title='bbox 581 2445 803 2536; x_wconf 88' lang='lat' dir='ltr'>inserentem,</span> <span class='ocrx_word' id='word_1_100' title='bbox 821 2446 1090 2546; x_wconf 84' lang='lat' dir='ltr'>ignominiam.&#39;&#39;</span> <span class='ocrx_word' id='word_1_101' title='bbox 1139 2446 1245 2522; x_wconf 88' lang='lat' dir='ltr'>Nihil</span> <span class='ocrx_word' id='word_1_102' title='bbox 1268 2471 1368 2522; x_wconf 89' lang='lat' dir='ltr'>recu·</span> 
     </span>
     <span class='ocr_line' id='line_1_16' title="bbox 387 2563 1366 2668; baseline 0.001 -28"><span class='ocrx_word' id='word_1_103' title='bbox 387 2563 512 2644; x_wconf 78' lang='lat' dir='ltr'>satum.</span> <span class='ocrx_word' id='word_1_104' title='bbox 560 2567 704 2664; x_wconf 86' lang='lat' dir='ltr'>Septem</span> <span class='ocrx_word' id='word_1_105' title='bbox 717 2566 830 2642; x_wconf 80' lang='lat' dir='ltr'>millia</span> <span class='ocrx_word' id='word_1_106' title='bbox 855 2565 1014 2644; x_wconf 88' lang='lat' dir='ltr'>militum</span> <span class='ocrx_word' id='word_1_107' title='bbox 1031 2566 1097 2645; x_wconf 91' lang='lat' dir='ltr'>sub</span> <span class='ocrx_word' id='word_1_108' title='bbox 1108 2569 1242 2668; x_wconf 85' lang='lat' dir='ltr'>jugum</span> <span class='ocrx_word' id='word_1_109' title='bbox 1256 2564 1366 2652; x_wconf 74' lang='lat' dir='ltr'>miffc,</span> 
     </span>
     <span class='ocr_line' id='line_1_17' title="bbox 386 2685 1367 2787; baseline -0.004 -25"><span class='ocrx_word' id='word_1_110' title='bbox 386 2687 587 2786; x_wconf 80' lang='lat' dir='ltr'>praedaque</span> <span class='ocrx_word' id='word_1_111' title='bbox 609 2685 735 2787; x_wconf 79' lang='lat' dir='ltr'>ingens</span> <span class='ocrx_word' id='word_1_112' title='bbox 752 2685 926 2762; x_wconf 76' lang='lat' dir='ltr'>Luceriae</span> <span class='ocrx_word' id='word_1_113' title='bbox 949 2709 1064 2787; x_wconf 80' lang='lat' dir='ltr'>capta,</span> <span class='ocrx_word' id='word_1_114' title='bbox 1089 2687 1236 2786; x_wconf 84' lang='lat' dir='ltr'>receptis</span> <span class='ocrx_word' id='word_1_115' title='bbox 1252 2685 1367 2761; x_wconf 88' lang='lat' dir='ltr'>omni-</span> 
     </span>
     <span class='ocr_line' id='line_1_18' title="bbox 386 2805 1366 2905; baseline -0.002 -25"><span class='ocrx_word' id='word_1_116' title='bbox 386 2807 454 2887; x_wconf 89' lang='lat' dir='ltr'>bus</span> <span class='ocrx_word' id='word_1_117' title='bbox 470 2805 574 2905; x_wconf 85' lang='lat' dir='ltr'>fignis</span> <span class='ocrx_word' id='word_1_118' title='bbox 587 2805 776 2905; x_wconf 86' lang='lat' dir='ltr'>armisque,</span> <span class='ocrx_word' id='word_1_119' title='bbox 801 2831 893 2904; x_wconf 84' lang='lat' dir='ltr'>quae</span> <span class='ocrx_word' id='word_1_120' title='bbox 908 2809 954 2882; x_wconf 85' lang='lat' dir='ltr'>ad</span> <span class='ocrx_word' id='word_1_121' title='bbox 967 2807 1148 2883; x_wconf 76' lang='lat' dir='ltr'>Caudium</span> <span class='ocrx_word' id='word_1_122' title='bbox 1164 2805 1366 2892; x_wconf 73' lang='lat' dir='ltr'>amiserant,</span> 
     </span>
     <span class='ocr_line' id='line_1_19' title="bbox 385 2923 1367 3026; baseline 0.004 -30"><span class='ocrx_word' id='word_1_123' title='bbox 385 2927 435 3011; x_wconf 74' lang='grc' dir='ltr'>δι,</span> <span class='ocrx_word' id='word_1_124' title='bbox 468 2925 569 3023; x_wconf 92' lang='lat' dir='ltr'>quod</span> <span class='ocrx_word' id='word_1_125' title='bbox 595 2925 718 3000; x_wconf 79' lang='lat' dir='ltr'>omnia</span> <span class='ocrx_word' id='word_1_126' title='bbox 738 2924 923 3024; x_wconf 79' lang='lat' dir='ltr'>superabat</span> <span class='ocrx_word' id='word_1_127' title='bbox 949 2926 1092 3026; x_wconf 80' lang='lat' dir='ltr'>gaudia,</span> <span class='ocrx_word' id='word_1_128' title='bbox 1118 2923 1299 3024; x_wconf 88' lang='lat' dir='ltr'>equitibus</span> <span class='ocrx_word' id='word_1_129' title='bbox 1314 2951 1367 3000; x_wconf 88' lang='lat' dir='ltr'>re-</span> 
     </span>
     <span class='ocr_line' id='line_1_20' title="bbox 384 3042 1367 3144; baseline 0.004 -26"><span class='ocrx_word' id='word_1_130' title='bbox 384 3042 571 3140; x_wconf 83' lang='lat' dir='ltr'>cuperatis,</span> <span class='ocrx_word' id='word_1_131' title='bbox 596 3071 689 3143; x_wconf 88' lang='lat' dir='ltr'>quos</span> <span class='ocrx_word' id='word_1_132' title='bbox 703 3044 853 3144; x_wconf 80' lang='lat' dir='ltr'>pignora</span> <span class='ocrx_word' id='word_1_133' title='bbox 866 3045 962 3144; x_wconf 80' lang='lat' dir='ltr'>pacis</span> <span class='ocrx_word' id='word_1_134' title='bbox 976 3046 1226 3122; x_wconf 85' lang='lat' dir='ltr'>custodiendos</span> <span class='ocrx_word' id='word_1_135' title='bbox 1248 3047 1367 3122; x_wconf 90' lang='lat' dir='ltr'>Luce-</span> 
     </span>
     <span class='ocr_line' id='line_1_21' title="bbox 383 3161 1366 3242; baseline 0.004 -4"><span class='ocrx_word' id='word_1_136' title='bbox 383 3161 473 3238; x_wconf 77' lang='lat' dir='ltr'>riam</span> <span class='ocrx_word' id='word_1_137' title='bbox 487 3163 661 3238; x_wconf 75' lang='lat' dir='ltr'>Samnites</span> <span class='ocrx_word' id='word_1_138' title='bbox 676 3166 858 3240; x_wconf 84' lang='lat' dir='ltr'>dederant.</span> <span class='ocrx_word' id='word_1_139' title='bbox 909 3167 1024 3240; x_wconf 81' lang='lat' dir='ltr'>Haud</span> <span class='ocrx_word' id='word_1_140' title='bbox 1043 3163 1152 3242; x_wconf 85' lang='lat' dir='ltr'>senne</span> <span class='ocrx_word' id='word_1_141' title='bbox 1168 3164 1236 3240; x_wconf 79' lang='lat' dir='ltr'>elia</span> <span class='ocrx_word' id='word_1_142' title='bbox 1251 3188 1366 3242; x_wconf 80' lang='lat' dir='ltr'>mute·</span> 
     </span>
     <span class='ocr_line' id='line_1_22' title="bbox 385 3281 1367 3383; baseline 0.005 -26"><span class='ocrx_word' id='word_1_143' title='bbox 385 3281 481 3358; x_wconf 90' lang='lat' dir='ltr'>tione</span> <span class='ocrx_word' id='word_1_144' title='bbox 498 3281 613 3358; x_wconf 84' lang='lat' dir='ltr'>subita</span> <span class='ocrx_word' id='word_1_145' title='bbox 627 3307 744 3358; x_wconf 89' lang='lat' dir='ltr'>rerum</span> <span class='ocrx_word' id='word_1_146' title='bbox 765 3283 890 3358; x_wconf 76' lang='lat' dir='ltr'>clarior</span> <span class='ocrx_word' id='word_1_147' title='bbox 904 3283 1049 3359; x_wconf 67' lang='lat' dir='ltr'>viderie</span> <span class='ocrx_word' id='word_1_148' title='bbox 1061 3283 1186 3383; x_wconf 90' lang='lat' dir='ltr'>populi</span> <span class='ocrx_word' id='word_1_149' title='bbox 1209 3285 1367 3362; x_wconf 82' lang='lat' dir='ltr'>Romani</span> 
     </span>
     <span class='ocr_line' id='line_1_23' title="bbox 384 3400 1366 3503; baseline 0.008 -28"><span class='ocrx_word' id='word_1_150' title='bbox 384 3400 451 3475; x_wconf 77' lang='lat' dir='ltr'>estz</span> <span class='ocrx_word' id='word_1_151' title='bbox 478 3401 652 3497; x_wconf 73' lang='lat' dir='ltr'>siquidem</span> <span class='ocrx_word' id='word_1_152' title='bbox 678 3401 786 3476; x_wconf 83' lang='lat' dir='ltr'>etiam</span> <span class='ocrx_word' id='word_1_153' title='bbox 816 3407 931 3502; x_wconf 90' lang='lat' dir='ltr'>(quod</span> <span class='ocrx_word' id='word_1_154' title='bbox 949 3403 1163 3503; x_wconf 79' lang='lat' dir='ltr'>quibusdam</span> <span class='ocrx_word' id='word_1_155' title='bbox 1180 3403 1218 3480; x_wconf 89' lang='lat' dir='ltr'>in</span> <span class='ocrx_word' id='word_1_156' title='bbox 1234 3405 1366 3482; x_wconf 69' lang='lat' dir='ltr'>anned-</span> 
     </span>
     <span class='ocr_line' id='line_1_24' title="bbox 384 3517 1365 3614; baseline 0.004 -20"><span class='ocrx_word' id='word_1_157' title='bbox 384 3521 453 3594; x_wconf 91' lang='lat' dir='ltr'>bus</span> <span class='ocrx_word' id='word_1_158' title='bbox 481 3517 641 3614; x_wconf 89' lang='lat' dir='ltr'>invenio)</span> <span class='ocrx_word' id='word_1_159' title='bbox 670 3521 833 3611; x_wconf 89' lang='lat' dir='ltr'>Pontius,</span> <span class='ocrx_word' id='word_1_160' title='bbox 866 3521 1043 3598; x_wconf 87' lang='lat' dir='ltr'>Herennii</span> <span class='ocrx_word' id='word_1_161' title='bbox 1070 3523 1175 3611; x_wconf 85' lang='lat' dir='ltr'>filius,</span> <span class='ocrx_word' id='word_1_162' title='bbox 1201 3523 1365 3600; x_wconf 78' lang='lat' dir='ltr'>Samniti-</span> 
     </span>
     <span class='ocr_line' id='line_1_25' title="bbox 382 3636 1364 3742; baseline 0.007 -29"><span class='ocrx_word' id='word_1_163' title='bbox 382 3661 448 3714; x_wconf 87' lang='lat' dir='ltr'>um</span> <span class='ocrx_word' id='word_1_164' title='bbox 459 3636 663 3737; x_wconf 86' lang='lat' dir='ltr'>imperator,</span> <span class='ocrx_word' id='word_1_165' title='bbox 685 3660 731 3716; x_wconf 91' lang='lat' dir='ltr'>ut</span> <span class='ocrx_word' id='word_1_166' title='bbox 740 3639 897 3738; x_wconf 86' lang='lat' dir='ltr'>expiaret</span> <span class='ocrx_word' id='word_1_167' title='bbox 913 3640 1098 3717; x_wconf 90' lang='lat' dir='ltr'>consulum</span> <span class='ocrx_word' id='word_1_168' title='bbox 1117 3640 1364 3742; x_wconf 79' lang='lat' dir='ltr'>ignominiam,</span> 
     </span>
    </p>
   </div>
   <div class='ocr_carea' id='block_1_3' title="bbox 278 3757 1365 3858">
    <p class='ocr_par' dir='ltr' id='par_1_3' title="bbox 278 3757 1365 3858">
     <span class='ocr_line' id='line_1_26' title="bbox 278 3757 1365 3858; baseline 0.001 -20"><span class='ocrx_word' id='word_1_169' title='bbox 278 3832 280 3838; x_wconf 81' lang='grc'>,</span> <span class='ocrx_word' id='word_1_170' title='bbox 383 3757 449 3836; x_wconf 89' lang='lat' dir='ltr'>sub</span> <span class='ocrx_word' id='word_1_171' title='bbox 468 3759 601 3858; x_wconf 86' lang='lat' dir='ltr'>jugum</span> <span class='ocrx_word' id='word_1_172' title='bbox 621 3785 708 3834; x_wconf 90' lang='lat' dir='ltr'>cum</span> <span class='ocrx_word' id='word_1_173' title='bbox 734 3759 856 3836; x_wconf 85' lang='lat' dir='ltr'>ceteris</span> <span class='ocrx_word' id='word_1_174' title='bbox 879 3761 929 3835; x_wconf 88' lang='lat' dir='ltr'>est</span> <span class='ocrx_word' id='word_1_175' title='bbox 959 3761 1090 3837; x_wconf 84' lang='lat' dir='ltr'>miffus.</span> <span class='ocrx_word' id='word_1_176' title='bbox 1140 3765 1309 3842; x_wconf 87' lang='lat' dir='ltr'>Ceterum</span> <span class='ocrx_word' id='word_1_177' title='bbox 1324 3763 1365 3839; x_wconf 93' lang='lat' dir='ltr'>id</span> 
     </span>
    </p>
   </div>
   <div class='ocr_carea' id='block_1_4' title="bbox 382 3876 1364 4216">
    <p class='ocr_par' dir='ltr' id='par_1_4' title="bbox 382 3876 1364 4216">
     <span class='ocr_line' id='line_1_27' title="bbox 382 3876 1364 3967; baseline 0.002 -10"><span class='ocrx_word' id='word_1_178' title='bbox 382 3876 504 3957; x_wconf 83' lang='lat' dir='ltr'>minus</span> <span class='ocrx_word' id='word_1_179' title='bbox 529 3878 652 3967; x_wconf 89' lang='lat' dir='ltr'>miror,</span> <span class='ocrx_word' id='word_1_180' title='bbox 683 3878 875 3956; x_wconf 87' lang='lat' dir='ltr'>obscurum</span> <span class='ocrx_word' id='word_1_181' title='bbox 908 3881 974 3956; x_wconf 85' lang='lat' dir='ltr'>effe</span> <span class='ocrx_word' id='word_1_182' title='bbox 1007 3883 1053 3957; x_wconf 86' lang='lat' dir='ltr'>de</span> <span class='ocrx_word' id='word_1_183' title='bbox 1082 3881 1238 3958; x_wconf 88' lang='lat' dir='ltr'>hostium</span> <span class='ocrx_word' id='word_1_184' title='bbox 1271 3885 1364 3960; x_wconf 87' lang='lat' dir='ltr'>duce</span> 
     </span>
     <span class='ocr_line' id='line_1_28' title="bbox 383 3997 1363 4102; baseline 0.008 -32"><span class='ocrx_word' id='word_1_185' title='bbox 383 3997 508 4072; x_wconf 87' lang='lat' dir='ltr'>dedito</span> <span class='ocrx_word' id='word_1_186' title='bbox 536 3997 710 4097; x_wconf 78' lang='lat' dir='ltr'>missoque</span> <span class='ocrx_word' id='word_1_187' title='bbox 736 3997 801 4074; x_wconf 94' lang='lat' dir='ltr'>sub</span> <span class='ocrx_word' id='word_1_188' title='bbox 827 3999 976 4100; x_wconf 86' lang='lat' dir='ltr'>jugum:</span> <span class='ocrx_word' id='word_1_189' title='bbox 1003 3999 1043 4076; x_wconf 94' lang='lat' dir='ltr'>id</span> <span class='ocrx_word' id='word_1_190' title='bbox 1068 4001 1180 4102; x_wconf 75' lang='lat' dir='ltr'>magis</span> <span class='ocrx_word' id='word_1_191' title='bbox 1202 4002 1363 4078; x_wconf 83' lang='lat' dir='ltr'>mirabile</span> 
     </span>
     <span class='ocr_line' id='line_1_29' title="bbox 382 4114 1364 4216; baseline 0.007 -24"><span class='ocrx_word' id='word_1_192' title='bbox 382 4114 446 4204; x_wconf 86' lang='lat' dir='ltr'>est,</span> <span class='ocrx_word' id='word_1_193' title='bbox 471 4115 621 4216; x_wconf 76' lang='lat' dir='ltr'>ambigi,</span> <span class='ocrx_word' id='word_1_194' title='bbox 645 4116 826 4194; x_wconf 87' lang='lat' dir='ltr'>Luciusne</span> <span class='ocrx_word' id='word_1_195' title='bbox 844 4119 1031 4198; x_wconf 84' lang='lat' dir='ltr'>Cornelius</span> <span class='ocrx_word' id='word_1_196' title='bbox 1046 4121 1200 4198; x_wconf 68' lang='lat' dir='ltr'>dictator</span> <span class='ocrx_word' id='word_1_197' title='bbox 1214 4149 1301 4198; x_wconf 91' lang='lat' dir='ltr'>curn</span> <span class='ocrx_word' id='word_1_198' title='bbox 1314 4125 1364 4198; x_wconf 87' lang='lat' dir='ltr'>L.</span> 
     </span>
    </p>
   </div>
   <div class='ocr_carea' id='block_1_5' title="bbox 0 0 1538 5342">
    <p class='ocr_par' dir='ltr' id='par_1_5' title="bbox 0 0 1538 5342">
     <span class='ocr_line' id='line_1_30' title="bbox 0 0 1538 5342; baseline 0 2"><span class='ocrx_word' id='word_1_199' title='bbox 0 0 1538 5342; x_wconf 95' lang='lat' dir='ltr'> </span> 
     </span>
    </p>
   </div>
  </div>
 </body>
</html>
