3067 5342
507 633 543 705 L
569 657 583 705 1
613 657 633 706 s
663 657 684 705 a
712 655 736 706 n
788 635 887 707 VIII.
1133 581 1205 734 285¹

225 806 292 882 tiae
311 804 463 880 Velitrae
486 828 702 906 receperunt.
754 811 803 882 Et
823 805 977 882 Antium
1001 834 1092 884 nova
1108 811 1203 884 colo-

223 923 285 1000 nia
296 924 395 1000 missa
411 950 496 999 cum
513 953 568 1014 eo,
599 949 642 1000 ut
654 926 861 1002 Antiatibus
884 926 1155 1027 permitteretur,
1179 931 1206 1002 st

225 1049 260 1118 ὅτ
274 1045 334 1145 ipsi
351 1044 500 1120 adscribi
517 1047 635 1121 coloni
649 1050 790 1122 vellent.
840 1049 958 1121 Naves
978 1046 1062 1122 inde
1078 1050 1205 1147 longae

224 1166 378 1251 abactae,
411 1163 711 1265 interdistumque
724 1166 813 1248 mati
832 1165 969 1240 Antiati
986 1169 1122 1265 populo
1141 1166 1203 1255 est,

226 1289 260 1358 δι
295 1283 417 1358 civitas
444 1286 535 1360 data
602 1286 770 1362 Tiburtes
800 1285 1088 1384 Praenestinique
1119 1313 1204 1386 agro

225 1403 380 1491 multati,
423 1431 539 1502 neque
570 1410 619 1481 ob
657 1433 784 1497 recens
813 1427 954 1481 tantum
989 1405 1202 1495 rebellionis,

226 1525 418 1598 commune
436 1549 521 1598 cum
546 1524 621 1598 aliis
648 1524 801 1613 Latinis,
823 1526 978 1614 crimen,
1009 1523 1069 1601 sed
1089 1526 1204 1623 quod,

225 1642 343 1716 taedio
360 1641 498 1742 imperii
516 1643 686 1732 Rotnani,
717 1671 804 1719 cum
830 1645 954 1734 Gallis,
988 1666 1093 1744 gente
1122 1646 1204 1719 effe·

227 1783 311 1852 rata,
342 1787 437 1836 arma
462 1764 645 1860 quondam
667 1763 925 1839 consociaffent.
975 1763 1109 1841 Ceteris
1135 1766 1205 1838 La·

226 1881 309 1956 tinis
326 1881 467 1980 populis
488 1883 668 1957 connubia
687 1884 971 1983 commerciaque
998 1889 1032 1958 &
1055 1884 1206 1959 concilia

226 2001 317 2076 inter
333 2000 366 2075 se
383 2003 603 2076 ademerunt.
654 2003 857 2101 Campanis,
882 2002 1047 2102 equitum
1063 2004 1206 2078 honoris

228 2123 354 2208 caussa,
402 2119 488 2218 quia
517 2147 602 2195 cum
635 2121 774 2196 Latinis
808 2125 971 2198 rebellare
1002 2122 1204 2212 noluissent,

226 2239 481 2339 Fundanisque
495 2245 529 2314 δι
541 2239 750 2328 Formianis,
781 2244 882 2340 quod
898 2245 1063 2340 perfines
1082 2271 1205 2319 eorum

228 2380 305 2435 tuta
326 2381 519 2459 pacataque
536 2358 670 2458 semper
686 2358 801 2433 suisset
823 2360 892 2447 via,
910 2361 1033 2439 civitas
1049 2367 1118 2437 sure
1134 2363 1204 2437 suf-

227 2477 339 2578 fragio
372 2482 463 2554 data
518 2482 698 2553 Cumanos
727 2479 1017 2579 Suessulanosque
1049 2482 1202 2578 ejusdem

220 2598 310 2696 juris
327 2597 624 2695 conditionisque,
657 2599 757 2694 cujus
774 2602 948 2696 Capuam,
972 2603 1039 2674 effe
1059 2604 1204 2699 placuit.

229 2722 347 2794 Naves
365 2717 568 2793 Antiatium
596 2716 723 2816 partim
749 2716 788 2791 iu
810 2719 946 2824 navalia
961 2722 1100 2793 Romae
1124 2719 1206 2797 sub-

229 2840 370 2927 ductae,
400 2835 527 2936 partim
560 2835 731 2926 incensae,
765 2834 950 2935 rostrisque
982 2863 1101 2912 earum
1123 2837 1204 2914 sub

229 2957 382 3056 gestum,
426 2957 463 3030 in
493 2955 570 3031 soro
599 2957 829 3045 exstrustum,
864 2956 1025 3054 adornari
1055 2957 1204 3056 placuit:

230 3077 429 3174 Rostraque
446 3075 485 3149 id
502 3079 676 3174 templum
694 3079 922 3175 adpellatum.
1335 3155 1338 3167 Ν,

278 3199 362 3270 XV.
387 3199 429 3271 C.
456 3196 615 3295 Sulpicio
631 3199 777 3296 Longu,
806 3200 848 3271 P.
868 3195 974 3272 Aelio
997 3199 1105 3272 Paeto
1122 3223 1206 3272 con-

230 3315 377 3404 sulibus,
410 3342 526 3414 quum
549 3315 670 3390 omnia
691 3341 763 3389 non
780 3341 865 3414 opes
880 3314 992 3415 magis
1009 3317 1206 3406 Romanae,

231 3461 340 3534 quam
362 3435 542 3511 beneficiis
559 3456 655 3535 parta
670 3435 781 3535 gratia
803 3439 898 3511 bona
918 3459 1003 3534 pace
1019 3435 1206 3526 obtineret,

231 3553 322 3630 inter
337 3555 513 3630 Sidicinos
523 3554 784 3654 Auruncosque
801 3557 936 3630 bellum
949 3577 1079 3630 ortum.
1130 3561 1207 3632 Au·
1361 3566 1365 3575 ’

232 3675 347 3763 runci,
365 3701 385 3748 a
400 3677 446 3749 T.
463 3674 606 3750 Manlio
620 3674 812 3749 consulein
828 3674 1048 3750 deditionem
1058 3676 1207 3774 accepti,

231 3794 320 3870 nihil
347 3794 478 3868 deinde
511 3815 709 3868 moverant:
756 3821 799 3868 eo
828 3795 972 3892 petendi
1006 3795 1129 3869 auxilii
1162 3800 1208 3873 ab

234 3914 407 3988 Romanis
436 3914 550 3989 cauffa
574 3913 702 4010 justior
728 3912 808 3988 fuit.
858 3914 929 3988 Sed
955 3913 1065 4012 prius,
1099 3943 1209 4015 quam

232 4033 391 4124 consules
417 4037 462 4111 ab
488 4036 577 4109 urbe
608 4033 758 4132 (jusserat
784 4030 882 4107 enim
898 4031 1034 4109 senatus
1062 4035 1207 4111 defendi
