3067 5342
366 656 417 727 44
713 628 1031 707 T.Lrv11

366 828 445 880 tum
468 802 634 881 humanis
653 806 810 905 adjuvari
832 807 982 885 consiliis
1000 826 1163 907 potuerat
1184 832 1251 894 res,
1285 807 1357 881 du·

366 952 446 1002 cem
477 929 535 1001 M.
567 926 733 1017 Furium,
762 928 964 1003 maximum
989 912 1244 1026 imperatorum
1274 942 1355 1001 oln-

365 1044 481 1133 nium,
508 1048 681 1147 legerant3
712 1069 846 1136 tamen,
878 1049 965 1147 quia
986 1070 1039 1123 rot
1061 1048 1161 1122 annis
1185 1046 1281 1121 varie
1302 1047 1355 1124 ibi

365 1168 537 1241 bellatum
550 1189 635 1256 erat,
654 1170 860 1267 multaeque
870 1170 987 1243 clades
1000 1190 1178 1267 acceptae,
1192 1171 1294 1242 velut
1308 1196 1355 1244 ex

364 1285 538 1385 insperato
554 1285 756 1363 inmensum
774 1288 950 1388 gaudium
967 1288 1052 1363 fuit:
1076 1292 1126 1377 δι,
1143 1286 1354 1387 priusquam

364 1403 501 1481 senatus
518 1408 733 1496 decerneret,
757 1410 861 1508 plena
877 1409 1000 1483 omnia
1016 1410 1149 1507 templa
1164 1410 1351 1483 Romana-

363 1552 446 1602 rum
462 1548 632 1615 matrum,
648 1550 760 1627 grates
780 1527 859 1603 Diis
876 1529 1074 1628 agentium,
1089 1549 1196 1602 erant.
1243 1533 1353 1604 Sena·

363 1670 420 1722 tus
437 1646 475 1722 in
490 1646 737 1746 quatriduum,
756 1670 846 1746 quot
866 1649 1008 1723 dierum
1027 1651 1126 1723 nullo
1143 1671 1223 1724 ante
1241 1653 1353 1740 bello,

361 1766 634 1868 supplicationes
661 1767 831 1843 decernit.
881 1770 1071 1843 Adventus
1097 1794 1247 1868 quoque
1271 1770 1352 1845 dic·

361 1888 495 1977 tatoris,
513 1888 683 1963 omnibus
693 1888 880 1963 ordinibus
893 1888 1037 1963 obviam
1049 1890 1174 1977 effusrs,
1193 1891 1351 1965 celebra-

363 2007 444 2096 tior,
463 2034 575 2106 quam
587 2008 696 2083 ullius
711 2034 888 2107 umquam
904 2029 1006 2081 antea
1022 2007 1108 2081 fuit:
1133 2008 1352 2107 triumphus·

360 2153 432 2225 que
455 2154 601 2203 omnem
620 2127 831 2203 consuetum
847 2126 1046 2201 honorandi
1066 2127 1139 2202 diei
1155 2127 1251 2203 illius
1268 2151 1349 2203 mo·

359 2248 451 2320 dum
479 2246 703 2347 aliquantum
733 2250 885 2322 excellit.
940 2248 1106 2322 Maxime
1137 2245 1348 2345 conspedus

359 2366 431 2465 ipse
447 2366 509 2456 est,
531 2392 636 2442 curru
654 2366 754 2465 equis
773 2367 862 2443 albis
875 2368 1004 2463 juncto
1024 2370 1150 2443 urbem
1164 2366 1347 2441 inveduss

358 2514 558 2587 parumque
591 2486 631 2561 id
660 2514 733 2561 non
767 2486 871 2562 civile
894 2489 1018 2575 modu,
1053 2485 1115 2560 sed
1144 2490 1347 2576 humanum

358 2606 479 2696 etiam,
505 2605 633 2682 visum.
689 2606 790 2702 Jovis
813 2606 972 2706 Solisque
994 2606 1097 2705 equis
1125 2607 1347 2705 aequiparari

358 2726 580 2817 distatorem,
612 2726 649 2803 in
676 2726 884 2827 religionem
908 2726 1014 2800 etiam
1041 2730 1245 2802 trahebant:
1284 2728 1345 2802 tri-

309 2856 314 2865 '
357 2847 587 2947 umphusque
610 2853 658 2924 ob
684 2874 763 2922 eam
790 2872 901 2921 unam
923 2846 1080 2921 maxime
1104 2874 1179 2922 rem
1203 2848 1343 2938 clarior,

356 2994 467 3066 quam
490 2967 634 3068 gratior,
664 2966 744 3042 fuit.
794 2970 896 3040 Tum
913 2967 1051 3061 Junoni
1073 2966 1235 3066 Reginae
1253 2990 1343 3043 tem-

355 3091 459 3188 plum
476 3088 514 3164 in
536 3087 719 3164 Aventino
737 3084 881 3175 locavit,
902 3085 1154 3185 dedicavitque
1177 3091 1343 3164 Matutae

355 3210 479 3286 Matri.
542 3216 679 3307 Atque,
714 3205 769 3281 his
799 3206 930 3281 divinis
963 3206 1199 3305 humanisque
1237 3213 1343 3285 rebus

355 3330 471 3429 gestis,
507 3328 682 3403 dictatura
710 3325 743 3400 se
777 3326 967 3401 abdicavit.
1029 3327 1102 3427 Agi
1134 3327 1265 3402 deinde
1295 3332 1341 3404 de

355 3448 535 3549 Apollinis
550 3448 647 3521 dono
657 3467 837 3544 coeptum.
871 3446 940 3521 Cui
958 3445 991 3521 se
1005 3448 1196 3521 decumam
1208 3448 1342 3523 vovisse

353 3570 503 3669 praedae
520 3589 656 3665 partem
667 3592 784 3667 quum
796 3565 931 3641 diceret
947 3566 1133 3655 Camillus,
1152 3568 1340 3665 pontifices

352 3689 561 3765 solvendum
591 3686 760 3788 religione
787 3690 965 3786 populum
999 3686 1203 3776 censerent,
1239 3691 1345 3764 haud

351 3808 453 3885 facile
469 3808 626 3884 inibatur
636 3806 724 3882 ratio
735 3807 889 3904 jubendi
903 3806 1028 3881 referre
1042 3810 1210 3905 praedam
1222 3836 1338 3908 popu-

350 3932 442 4018 lum,
464 3952 506 4003 ut
521 3956 565 4003 ex
588 3954 630 4003 ea
645 3954 723 4025 pars
741 3926 863 4002 debita
879 3926 918 3999 in
937 3925 1074 4002 sacrum
1092 3927 1338 4005 secerneretur.

350 4052 517 4127 Tandem
527 4077 582 4139 eo,
595 4051 695 4147 quod
706 4046 917 4123 levissimum
927 4047 1128 4136 videbatur,
1143 4050 1338 4129 decursum
