3067 5342
463 717 694 790 Lrnnn
747 719 828 794 VII.
1078 745 1143 821 193

53 916 57 921 ·
157 883 302 985 iraeque
316 886 442 962 tacitae
465 891 627 987 plenum,
657 913 804 979 omnem
821 889 990 964 ferociam
1015 887 1053 964 in
1072 885 1141 965 dis-

157 1005 294 1080 crimen
321 1006 437 1105 ipsum
454 1009 656 1085 certaminis
672 1007 864 1085 distulerat.
915 1009 994 1090 Ubi
1012 1010 1140 1086 consti-

157 1148 230 1201 tere
246 1126 337 1201 inter
353 1119 446 1202 duas
461 1127 567 1218 acies,
599 1151 652 1204 tot
671 1130 765 1205 circa
784 1128 988 1204 mortalium
1012 1129 1155 1206 animis'

155 1246 216 1344 spe
247 1268 420 1345 metuque
446 1249 717 1347 pendentibus,
735 1251 872 1337 Gallus,
900 1251 1000 1324 velut
1029 1253 1141 1326 moles

157 1366 307 1466 superne
325 1369 516 1456 inminens,
548 1371 704 1468 projecto
726 1371 825 1444 laeva
841 1368 952 1458 scuto,
982 1370 1019 1443 in
1036 1371 1141 1444 adve-

156 1487 288 1562 nientis
319 1515 416 1564 arma
441 1489 549 1563 hostis
577 1514 711 1563 vanum
739 1493 863 1562 caesim
886 1514 971 1563 curn
1001 1488 1140 1589 ingenti

155 1606 274 1683 sonitu
293 1608 410 1684 ensem
437 1609 590 1706 dejecit·
625 1611 825 1697 Romanus,
859 1635 1030 1684 mucrone
1059 1608 1139 1684 sub·

153 1731 267 1817 recto,
296 1755 411 1827 quum
436 1727 536 1803 scuto
551 1727 691 1803 scutum
714 1728 830 1803 imum
847 1727 1059 1827 perculiffet,
1085 1749 1139 1803 to-

154 1869 269 1946 toque
302 1874 448 1946 corpore
479 1847 622 1923 interior
650 1849 810 1947 periculo
833 1849 989 1922 vulneris
1011 1848 1138 1937 fadus,

155 1968 354 2043 insrnuaffet
370 1967 403 2044 se
415 1968 505 2043 inter
520 1993 647 2066 corpus
664 1994 844 2068 armaque,
868 1995 942 2043 uno
957 1970 1138 2067 alteroque

154 2089 308 2165 subinde
326 2089 398 2163 ictu
416 2111 575 2163 ventrem
599 2111 707 2187 atque
731 2087 879 2188 inguina
893 2090 1017 2176 haufit,
1048 2092 1081 2162 ur
1101 2087 1139 2162 in

155 2208 309 2307 spatium
325 2207 449 2309 ingens
462 2231 624 2284 ruentem
642 2208 798 2308 porrexit
816 2207 964 2282 hostem.
1013 2209 1138 2303 Jacen·

156 2328 201 2404 tis
218 2331 303 2402 inde
319 2356 460 2426 corpus,
481 2333 527 2404 ab
543 2328 643 2405 omni
667 2328 733 2403 alia
748 2328 936 2418 vexatione
950 2327 1136 2418 intadlum,

153 2475 232 2523 uno
246 2471 373 2546 torque
389 2446 567 2547 spoliavit:
594 2475 704 2547 quern
721 2447 912 2547 respersum
929 2475 1052 2524 cruore
1066 2451 1138 2524 col·

155 2570 193 2643 lo
210 2568 449 2644 circumdedit
472 2567 546 2642 suo.
597 2570 779 2643 Defixerat
794 2595 902 2666 pavor
924 2595 1008 2642 cum
1024 2567 1138 2642 admi-

156 2688 292 2762 ratione
310 2689 443 2762 Gallos.
494 2686 664 2777 Romani,
696 2689 825 2763 alacres
842 2690 888 2762 ab
903 2688 1050 2788 statione
1072 2691 1136 2762 ob·

154 2808 252 2883 viam
275 2807 380 2882 militi
408 2805 474 2882 'suo
499 2811 676 2906 progreffi,
710 2809 922 2907 gratulantes
936 2799 1135 2882 laudantes-

154 2955 226 3028 que
252 2929 299 3002 ad
321 2927 530 3002 distatorem
553 2929 766 3024 perducunt.
817 2928 913 3002 Inter
937 2927 1137 3002 carminum

153 3074 264 3148 prope
285 3049 437 3121 modum
453 3046 638 3153 incondita
662 3047 839 3147 quaedam
865 3045 1061 3122 militariter
1080 3049 1136 3144 jo·

154 3169 325 3255 culantes,
352 3166 529 3266 Torquati
546 3193 747 3266 cognomen
769 3166 956 3255 a'uditum3
983 3169 1136 3242 celebra·

154 3310 235 3363 tum
246 3286 376 3361 deinde
393 3287 538 3384 posteris
551 3285 659 3361 etiarn
669 3285 894 3386 familiaeque
912 3285 1038 3361 honori
1056 3285 1137 3362 fuit.

156 3407 319 3483 Dictator
334 3433 503 3481 coronam
525 3430 666 3480 auream
687 3406 829 3481 addidit
843 3410 996 3496 donum,
1024 3407 1136 3484 miris·

155 3552 227 3626 que
240 3551 304 3624 pro
321 3525 494 3601 concione
508 3552 586 3600 earn
602 3551 762 3625 pugnam
779 3528 947 3603 laudibus
957 3527 1050 3604 tulit.

206 3648 274 3721 xl.
310 3649 371 3734 Et,
401 3647 575 3734 Hercule,
609 3644 698 3718 tanti
728 3672 770 3720 ea
794 3648 841 3721 ad
872 3647 1020 3724 universi
1051 3649 1136 3725 belli

155 3787 323 3843 eventum
352 3765 526 3840 momenti
553 3763 739 3840 dimicatio
765 3765 847 3854 fuit,
875 3786 916 3841 ut
950 3770 1136 3844 Gallorum

156 3886 328 3962 exercitus
350 3885 513 3984 proxima
534 3887 653 3975 noete,
687 3885 816 3960 relictis
844 3887 979 3986 trepide
1005 3887 1135 3978 castris,

157 4006 194 4080 in
219 4006 413 4081 Tiburtem
434 4031 574 4105 agrum,
608 4026 715 4104 atque
744 4005 843 4095 inde,
868 4004 1029 4082 societate
1054 4009 1136 4083 belli

160 4126 256 4216 falla,
290 4148 566 4225 commeatuque
588 4125 743 4226 benigne
771 4129 815 4202 ab
838 4125 1053 4206 Tiburtibus
1073 4131 1135 4205 ad·

626 4248 663 4322 Ο
