3067 5342
480 697 517 772 L
543 723 557 772 1
588 722 607 772 a
636 719 710 772 art
762 699 862 771 VIII.
1078 719 1146 794 313

171 887 196 922 ‘⁸
216 873 254 950 id
273 899 375 974 aegre
393 871 479 972 pati,
509 875 610 972 quod
633 877 701 946 srne
724 875 771 947 L.
791 867 947 969 Papirio,
975 894 1049 952 non
1064 867 1155 942 iner-

173 1006 198 1039 “
217 1023 306 1082 mes,
330 1020 403 1068 non
434 992 552 1067 manci
576 992 706 1068 milites
735 991 879 1078 fuerint,
904 990 1005 1088 quod
1034 988 1081 1077 se,
1107 994 1166 1090 Q

175 1127 200 1161 “
220 1115 352 1190 Fabius
368 1113 575 1213 magistrum
588 1113 753 1212 equitum
774 1111 929 1199 duxerit,
957 1135 1085 1184 aenon
1100 1137 1157 1185 ac-

174 1247 199 1280 “
218 1233 364 1310 censum
379 1233 570 1308 dietatoris.
620 1234 723 1334 Quid
738 1233 841 1307 illum
855 1230 1030 1305 fadumm
1044 1229 1158 1318 fuiffe,

175 1365 201 1398 “
219 1358 256 1442 fi,
292 1355 392 1452 quod
418 1353 503 1430 belli
526 1352 622 1428 casus
642 1353 773 1441 ferunt,
806 1351 978 1449 Marsque
995 1376 1159 1425 commu-

178 1485 203 1518 “
223 1473 290 1562 nis,
314 1473 454 1548 adversa
470 1501 590 1574 pugna
607 1474 790 1562 eveniffet3
815 1473 880 1572 qui
909 1470 984 1559 fibi,
1011 1470 1160 1546 devidis

175 1605 202 1638 “
220 1592 394 1682 hostibus,
420 1620 456 1668 re
473 1594 619 1692 publica
633 1597 724 1669 bene
747 1593 856 1693 gesta,
882 1591 931 1667 ita
946 1614 989 1665 ut
1011 1618 1084 1666 non
1113 1595 1161 1667 ab

176 1726 202 1758 “
221 1713 282 1788 illo
298 1713 409 1788 unico
426 1715 518 1789 duce
536 1713 663 1788 melius
694 1719 767 1814 geri
795 1713 963 1812 potuerit,
994 1711 1161 1811 supplici-

177 1846 201 1879 “
219 1860 284 1908 um
301 1834 467 1933 magistro
484 1834 651 1934 equitum
668 1833 847 1908 minetur?
897 1837 1030 1932 Neque
1057 1833 1161 1908 illum

178 1953 388 2052 “magistro
415 1954 580 2053 equitum
608 1953 837 2042 infestiorem,
868 1980 978 2051 quam
1009 1953 1163 2028 tribunis

179 2086 204 2118 “
223 2074 394 2161 militum,
424 2101 533 2172 quam
547 2073 832 2162 centurionibus,
858 2100 968 2171 quam
988 2073 1163 2149 militibus

181 2207 206 2240 “
224 2197 302 2269 else.
352 2195 388 2269 Si
423 2197 536 2293 poffit,
577 2193 614 2266 in
648 2221 771 2269 omnes
798 2193 1011 2269 saeviturum
1042 2193 1161 2270 fuiffe:

182 2327 206 2360 “
226 2315 312 2415 quia
329 2314 368 2389 id
385 2334 550 2412 nequeat,
574 2313 740 2388 inunum
750 2312 889 2388 saevire.
941 2315 1062 2390 Etiam
1073 2315 1163 2389 invi-

182 2446 207 2480 “
226 2436 337 2523 diam,
361 2455 547 2532 tamquam
565 2431 700 2531 ignem,
733 2430 871 2540 summa
885 2457 1021 2533 petere3
1051 2435 1089 2509 in
1106 2463 1164 2511 ca-

183 2567 208 2599 “
224 2576 291 2654 put
315 2553 462 2641 confilii,
487 2553 525 2626 in
549 2555 680 2628 ducem
708 2552 893 2627 incurrere.
943 2555 980 2628 Si
1003 2547 1046 2630 se'
1063 2559 1164 2629 fimul

182 2685 313 2750 “cum
339 2673 449 2774 gloria
471 2671 520 2747 rei
547 2673 661 2772 gestae
687 2673 914 2762 exstinxilset,
944 2695 1031 2749 tunc
1053 2675 1165 2750 victo-

184 2805 210 2840 “
229 2820 317 2883 rem,
363 2795 462 2867 velut
494 2793 533 2867 in
566 2815 670 2893 capto
711 2793 869 2868 exercitu
905 2793 1164 2883 dominantem,

185 2926 211 2960 “
229 2913 414 3015 quidquid
429 2913 569 2988 licuerit
585 2913 623 2986 in
637 2913 803 3012 magistro
825 2914 1004 3012 equitum,
1034 2915 1072 2989 in
1099 2916 1166 2990 mi-

186 3045 211 3079 “
229 3035 353 3109 litibus
370 3033 549 3108 ausurum.
598 3033 753 3107 Proinde
766 3035 920 3108 adellent
937 3033 1167 3109 insuacaulsa

96 3217 98 3220 .
161 3166 213 3199 '⁴‘
232 3153 398 3228 omnium
442 3151 606 3228 libertati.
668 3152 704 3227 Si
748 3151 956 3229 consensum
993 3155 1168 3230 exercitus

188 3285 214 3319 “
233 3274 417 3359 eumdem,
448 3271 512 3371 qui
530 3271 568 3346 in
585 3273 720 3371 proelio
740 3273 860 3363 fuerit,
881 3274 919 3348 in
945 3277 1079 3350 tuenda
1094 3276 1168 3352 vic·

188 3393 320 3468 “toria
344 3390 475 3482 videat,
501 3397 534 3468 δι
562 3392 707 3466 salutem
741 3393 848 3468 unius
871 3394 1040 3470 omnibus
1066 3421 1169 3471 curae

190 3525 215 3557 “
234 3515 319 3600 effe3
350 3512 604 3596 inclinaturum
619 3515 664 3588 ad
682 3514 947 3589 clementiorem
962 3515 1169 3591 sententiam

191 3644 216 3676 “
234 3631 407 3707 animum.
457 3632 639 3707 Postremo
665 3633 698 3708 se
725 3633 835 3708 vitam
850 3634 1075 3735 fortunasque
1095 3635 1171 3711 suas

194 3763 219 3796 “
237 3751 381 3826 illorum
399 3750 483 3824 fidei
500 3751 695 3850 virtutique
708 3753 943 3850 permittere.''

243 3873 401 3946 XXXII.
427 3873 605 3946 Clamore
626 3893 699 3946 tota
715 3874 886 3948 concione
903 3897 1014 3963 ortus,
1036 3875 1090 3949 uti
1108 3880 1171 3951 bo·

194 4017 283 4067 num
304 3991 466 4068 animum
488 3994 651 4068 haberet:
683 3993 863 4084 neminem
877 3994 928 4067 illi
945 3995 1019 4069 vim
1036 3998 1172 4070 adlatu-

85 4203 88 4208 .
194 4139 289 4204 rum,
313 4113 412 4190 salvis
446 4111 647 4214 legionibus
677 4114 863 4189 Romanis.
913 4117 1027 4190 Haud
1056 4120 1172 4192 multo
