<?xml version="1.0" encoding="UTF-8"?>
<!DOCTYPE html PUBLIC "-//W3C//DTD XHTML 1.0 Transitional//EN"
    "http://www.w3.org/TR/xhtml1/DTD/xhtml1-transitional.dtd">
<html xmlns="http://www.w3.org/1999/xhtml" xml:lang="en" lang="en">
 <head>
  <title>
</title>
<meta http-equiv="Content-Type" content="text/html;charset=utf-8" />
  <meta name='ocr-system' content='tesseract 3.04.00' />
  <meta name='ocr-capabilities' content='ocr_page ocr_carea ocr_par ocr_line ocrx_word'/>
</head>
<body>
  <div class='ocr_page' id='page_1' title='image "./tliviipatavinih00homegoog_0137.png"; bbox 0 0 3067 5342; ppageno 0'>
   <div class='ocr_carea' id='block_1_1' title="bbox 460 677 1130 775">
    <p class='ocr_par' dir='ltr' id='par_1_1' title="bbox 460 677 1130 775">
     <span class='ocr_line' id='line_1_1' title="bbox 460 677 1130 775; baseline -0.006 -22"><span class='ocrx_word' id='word_1_1' title='bbox 460 680 692 756; x_wconf 80' lang='lat' dir='ltr'><strong>Lraan</strong></span> <span class='ocrx_word' id='word_1_2' title='bbox 749 677 814 755; x_wconf 91' lang='lat' dir='ltr'><strong>VI.</strong></span> <span class='ocrx_word' id='word_1_3' title='bbox 1065 700 1130 775; x_wconf 83' lang='lat'><strong>129</strong></span> 
     </span>
    </p>
   </div>
   <div class='ocr_carea' id='block_1_2' title="bbox 141 848 1231 4295">
    <p class='ocr_par' dir='ltr' id='par_1_2' title="bbox 141 848 1231 2388">
     <span class='ocr_line' id='line_1_2' title="bbox 141 848 1126 952; baseline 0 -25"><span class='ocrx_word' id='word_1_4' title='bbox 141 861 169 913; x_wconf 73' lang='lat' dir='ltr'><strong>t‘</strong></span> <span class='ocrx_word' id='word_1_5' title='bbox 188 850 266 952; x_wconf 87' lang='lat' dir='ltr'><strong>lpse</strong></span> <span class='ocrx_word' id='word_1_6' title='bbox 291 848 426 929; x_wconf 86' lang='lat' dir='ltr'><strong>vindex</strong></span> <span class='ocrx_word' id='word_1_7' title='bbox 456 855 580 943; x_wconf 87' lang='lat' dir='ltr'><strong>vester,</strong></span> <span class='ocrx_word' id='word_1_8' title='bbox 626 855 692 931; x_wconf 92' lang='lat' dir='ltr'><strong>ubi</strong></span> <span class='ocrx_word' id='word_1_9' title='bbox 725 854 842 932; x_wconf 88' lang='lat' dir='ltr'><strong>visum</strong></span> <span class='ocrx_word' id='word_1_10' title='bbox 872 848 1027 929; x_wconf 87' lang='lat' dir='ltr'><strong>inimicis</strong></span> <span class='ocrx_word' id='word_1_11' title='bbox 1061 852 1126 942; x_wconf 91' lang='lat' dir='ltr'><strong>est,</strong></span> 
     </span>
     <span class='ocr_line' id='line_1_3' title="bbox 143 972 1126 1073; baseline -0.001 -26"><span class='ocrx_word' id='word_1_12' title='bbox 143 976 309 1048; x_wconf 91' lang='lat' dir='ltr'><strong>“nullus</strong></span> <span class='ocrx_word' id='word_1_13' title='bbox 332 997 474 1073; x_wconf 88' lang='lat' dir='ltr'><strong>repente</strong></span> <span class='ocrx_word' id='word_1_14' title='bbox 491 975 561 1049; x_wconf 90' lang='lat' dir='ltr'><strong>sui:</strong></span> <span class='ocrx_word' id='word_1_15' title='bbox 598 980 632 1050; x_wconf 66' lang='grc' dir='ltr'><strong>ὃ(</strong></span> <span class='ocrx_word' id='word_1_16' title='bbox 659 976 795 1051; x_wconf 88' lang='lat' dir='ltr'><strong>vidistis</strong></span> <span class='ocrx_word' id='word_1_17' title='bbox 815 976 853 1050; x_wconf 91' lang='lat' dir='ltr'><strong>in</strong></span> <span class='ocrx_word' id='word_1_18' title='bbox 873 976 1017 1049; x_wconf 90' lang='lat' dir='ltr'><strong>vincula</strong></span> <span class='ocrx_word' id='word_1_19' title='bbox 1040 972 1126 1049; x_wconf 91' lang='lat' dir='ltr'><strong>duci</strong></span> 
     </span>
     <span class='ocr_line' id='line_1_4' title="bbox 142 1092 1126 1197; baseline 0.002 -30"><span class='ocrx_word' id='word_1_20' title='bbox 142 1104 168 1137; x_wconf 92' lang='lat'><strong>“</strong></span> <span class='ocrx_word' id='word_1_21' title='bbox 186 1092 337 1169; x_wconf 89' lang='lat' dir='ltr'><strong>univerfi</strong></span> <span class='ocrx_word' id='word_1_22' title='bbox 363 1120 462 1185; x_wconf 90' lang='lat' dir='ltr'><strong>eum,</strong></span> <span class='ocrx_word' id='word_1_23' title='bbox 496 1096 561 1195; x_wconf 90' lang='lat' dir='ltr'><strong>qui</strong></span> <span class='ocrx_word' id='word_1_24' title='bbox 578 1124 599 1170; x_wconf 85' lang='lat' dir='ltr'><strong>a</strong></span> <span class='ocrx_word' id='word_1_25' title='bbox 615 1092 757 1197; x_wconf 73' lang='lat' dir='ltr'><strong>singulis</strong></span> <span class='ocrx_word' id='word_1_26' title='bbox 781 1097 882 1172; x_wconf 90' lang='lat' dir='ltr'><strong>vobis</strong></span> <span class='ocrx_word' id='word_1_27' title='bbox 905 1097 1049 1172; x_wconf 91' lang='lat' dir='ltr'><strong>vincula</strong></span> <span class='ocrx_word' id='word_1_28' title='bbox 1064 1097 1126 1169; x_wconf 89' lang='lat' dir='ltr'><strong>de-</strong></span> 
     </span>
     <span class='ocr_line' id='line_1_5' title="bbox 144 1216 1128 1317; baseline 0.001 -29"><span class='ocrx_word' id='word_1_29' title='bbox 144 1225 171 1259; x_wconf 93' lang='lat'><strong>“</strong></span> <span class='ocrx_word' id='word_1_30' title='bbox 188 1217 360 1314; x_wconf 79' lang='lat' dir='ltr'><strong>pulcram.</strong></span> <span class='ocrx_word' id='word_1_31' title='bbox 409 1216 513 1317; x_wconf 85' lang='lat' dir='ltr'><strong>Qrid</strong></span> <span class='ocrx_word' id='word_1_32' title='bbox 529 1216 678 1315; x_wconf 86' lang='lat' dir='ltr'>sperem,</span> <span class='ocrx_word' id='word_1_33' title='bbox 706 1221 729 1291; x_wconf 89' lang='lat' dir='ltr'>fi</span> <span class='ocrx_word' id='word_1_34' title='bbox 747 1220 827 1315; x_wconf 90' lang='lat' dir='ltr'><strong>plus</strong></span> <span class='ocrx_word' id='word_1_35' title='bbox 845 1217 882 1290; x_wconf 93' lang='lat' dir='ltr'><strong>in</strong></span> <span class='ocrx_word' id='word_1_36' title='bbox 899 1243 957 1290; x_wconf 90' lang='lat' dir='ltr'><strong>me</strong></span> <span class='ocrx_word' id='word_1_37' title='bbox 975 1218 1128 1290; x_wconf 87' lang='lat' dir='ltr'><strong>audeant</strong></span> 
     </span>
     <span class='ocr_line' id='line_1_6' title="bbox 145 1335 1127 1435; baseline 0 -26"><span class='ocrx_word' id='word_1_38' title='bbox 145 1346 171 1379; x_wconf 89' lang='lat'><strong>“</strong></span> <span class='ocrx_word' id='word_1_39' title='bbox 189 1335 353 1410; x_wconf 89' lang='lat' dir='ltr'><strong>inimici?</strong></span> <span class='ocrx_word' id='word_1_40' title='bbox 386 1364 432 1410; x_wconf 91' lang='lat' dir='ltr'><strong>an</strong></span> <span class='ocrx_word' id='word_1_41' title='bbox 458 1336 597 1411; x_wconf 85' lang='lat' dir='ltr'><strong>exitum</strong></span> <span class='ocrx_word' id='word_1_42' title='bbox 622 1336 725 1411; x_wconf 88' lang='lat' dir='ltr'><strong>casfii</strong></span> <span class='ocrx_word' id='word_1_43' title='bbox 751 1335 950 1435; x_wconf 88' lang='lat' dir='ltr'><strong>Maeliique</strong></span> <span class='ocrx_word' id='word_1_44' title='bbox 972 1335 1127 1435; x_wconf 75' lang='lat' dir='ltr'><strong>exspesl-</strong></span> 
     </span>
     <span class='ocr_line' id='line_1_7' title="bbox 146 1454 1127 1555; baseline -0.001 -26"><span class='ocrx_word' id='word_1_45' title='bbox 146 1466 172 1500; x_wconf 88' lang='lat'><strong>“</strong></span> <span class='ocrx_word' id='word_1_46' title='bbox 190 1459 273 1531; x_wconf 89' lang='lat' dir='ltr'><strong>em?</strong></span> <span class='ocrx_word' id='word_1_47' title='bbox 324 1460 418 1530; x_wconf 89' lang='lat' dir='ltr'><strong>Bene</strong></span> <span class='ocrx_word' id='word_1_48' title='bbox 445 1455 571 1544; x_wconf 87' lang='lat' dir='ltr'><strong>facitis,</strong></span> <span class='ocrx_word' id='word_1_49' title='bbox 612 1458 713 1555; x_wconf 89' lang='lat' dir='ltr'><strong>quod</strong></span> <span class='ocrx_word' id='word_1_50' title='bbox 739 1456 1017 1531; x_wconf 86' lang='lat' dir='ltr'><strong>abominamini:</strong></span> <span class='ocrx_word' id='word_1_51' title='bbox 1063 1454 1127 1530; x_wconf 94' lang='lat' dir='ltr'><strong>Dii</strong></span> 
     </span>
     <span class='ocr_line' id='line_1_8' title="bbox 147 1574 1126 1676; baseline 0.002 -27"><span class='ocrx_word' id='word_1_52' title='bbox 147 1574 434 1673; x_wconf 89' lang='lat' dir='ltr'><strong>“prohibebunt</strong></span> <span class='ocrx_word' id='word_1_53' title='bbox 459 1578 563 1650; x_wconf 87' lang='lat' dir='ltr'><strong>haec:</strong></span> <span class='ocrx_word' id='word_1_54' title='bbox 598 1576 658 1650; x_wconf 86' lang='lat' dir='ltr'><strong>sed</strong></span> <span class='ocrx_word' id='word_1_55' title='bbox 680 1602 880 1675; x_wconf 79' lang='lat' dir='ltr'>numquam</span> <span class='ocrx_word' id='word_1_56' title='bbox 903 1599 1046 1676; x_wconf 87' lang='lat' dir='ltr'><strong>propter</strong></span> <span class='ocrx_word' id='word_1_57' title='bbox 1068 1604 1126 1651; x_wconf 90' lang='lat' dir='ltr'><strong>me</strong></span> 
     </span>
     <span class='ocr_line' id='line_1_9' title="bbox 146 1696 1125 1785; baseline 0.001 -16"><span class='ocrx_word' id='word_1_58' title='bbox 146 1698 236 1769; x_wconf 89' lang='lat' dir='ltr'><strong>“de</strong></span> <span class='ocrx_word' id='word_1_59' title='bbox 263 1698 365 1770; x_wconf 92' lang='lat' dir='ltr'><strong>coelo</strong></span> <span class='ocrx_word' id='word_1_60' title='bbox 396 1696 619 1771; x_wconf 87' lang='lat' dir='ltr'><strong>descendent.</strong></span> <span class='ocrx_word' id='word_1_61' title='bbox 654 1730 657 1735; x_wconf 93' lang='lat'>·</span> <span class='ocrx_word' id='word_1_62' title='bbox 686 1697 800 1771; x_wconf 90' lang='lat' dir='ltr'><strong>Vobis</strong></span> <span class='ocrx_word' id='word_1_63' title='bbox 832 1698 919 1772; x_wconf 91' lang='lat' dir='ltr'><strong>dent</strong></span> <span class='ocrx_word' id='word_1_64' title='bbox 953 1719 1125 1785; x_wconf 86' lang='lat' dir='ltr'><strong>mentem,</strong></span> 
     </span>
     <span class='ocr_line' id='line_1_10' title="bbox 146 1814 1129 1915; baseline -0.001 -23"><span class='ocrx_word' id='word_1_65' title='bbox 146 1828 172 1860; x_wconf 90' lang='lat'><strong>“</strong></span> <span class='ocrx_word' id='word_1_66' title='bbox 190 1838 343 1915; x_wconf 89' lang='lat' dir='ltr'>oportet,</span> <span class='ocrx_word' id='word_1_67' title='bbox 372 1838 415 1891; x_wconf 93' lang='lat' dir='ltr'><strong>ut</strong></span> <span class='ocrx_word' id='word_1_68' title='bbox 439 1814 674 1915; x_wconf 88' lang='lat' dir='ltr'><strong>prohibeatis:</strong></span> <span class='ocrx_word' id='word_1_69' title='bbox 715 1820 802 1892; x_wconf 88' lang='lat' dir='ltr'><strong>srcut</strong></span> <span class='ocrx_word' id='word_1_70' title='bbox 831 1817 919 1891; x_wconf 89' lang='lat' dir='ltr'><strong>mihi</strong></span> <span class='ocrx_word' id='word_1_71' title='bbox 951 1819 1129 1891; x_wconf 89' lang='lat' dir='ltr'><strong>dederunt</strong></span> 
     </span>
     <span class='ocr_line' id='line_1_11' title="bbox 147 1936 1128 2037; baseline 0 -25"><span class='ocrx_word' id='word_1_72' title='bbox 147 1947 173 1981; x_wconf 89' lang='lat'><strong>“</strong></span> <span class='ocrx_word' id='word_1_73' title='bbox 192 1958 327 2012; x_wconf 89' lang='lat' dir='ltr'><strong>armato</strong></span> <span class='ocrx_word' id='word_1_74' title='bbox 343 1958 550 2037; x_wconf 83' lang='lat' dir='ltr'><strong>togatoque,</strong></span> <span class='ocrx_word' id='word_1_75' title='bbox 583 1959 626 2012; x_wconf 92' lang='lat' dir='ltr'><strong>ut</strong></span> <span class='ocrx_word' id='word_1_76' title='bbox 641 1964 704 2013; x_wconf 90' lang='lat' dir='ltr'><strong>vos</strong></span> <span class='ocrx_word' id='word_1_77' title='bbox 731 1966 752 2012; x_wconf 96' lang='lat' dir='ltr'><strong>a</strong></span> <span class='ocrx_word' id='word_1_78' title='bbox 778 1937 931 2015; x_wconf 89' lang='lat' dir='ltr'><strong>barbaris</strong></span> <span class='ocrx_word' id='word_1_79' title='bbox 954 1936 1128 2026; x_wconf 88' lang='lat' dir='ltr'>hostibus,</span> 
     </span>
     <span class='ocr_line' id='line_1_12' title="bbox 148 2056 1129 2157; baseline 0 -25"><span class='ocrx_word' id='word_1_80' title='bbox 148 2068 213 2132; x_wconf 90' lang='lat' dir='ltr'><strong>“a</strong></span> <span class='ocrx_word' id='word_1_81' title='bbox 238 2056 395 2157; x_wconf 90' lang='lat' dir='ltr'><strong>superbis</strong></span> <span class='ocrx_word' id='word_1_82' title='bbox 420 2057 649 2133; x_wconf 88' lang='lat' dir='ltr'><strong>defenderem</strong></span> <span class='ocrx_word' id='word_1_83' title='bbox 680 2059 831 2135; x_wconf 87' lang='lat' dir='ltr'><strong>civibus.</strong></span> <span class='ocrx_word' id='word_1_84' title='bbox 881 2061 975 2134; x_wconf 89' lang='lat' dir='ltr'><strong>Tam</strong></span> <span class='ocrx_word' id='word_1_85' title='bbox 1001 2084 1129 2157; x_wconf 87' lang='lat' dir='ltr'><strong>parvus</strong></span> 
     </span>
     <span class='ocr_line' id='line_1_13' title="bbox 148 2176 1231 2285; baseline -0.001 -33"><span class='ocrx_word' id='word_1_86' title='bbox 148 2188 174 2221; x_wconf 89' lang='lat'><strong>“</strong></span> <span class='ocrx_word' id='word_1_87' title='bbox 191 2176 333 2252; x_wconf 87' lang='lat' dir='ltr'><strong>animus</strong></span> <span class='ocrx_word' id='word_1_88' title='bbox 350 2177 438 2252; x_wconf 91' lang='lat' dir='ltr'><strong>tanti</strong></span> <span class='ocrx_word' id='word_1_89' title='bbox 466 2178 591 2276; x_wconf 90' lang='lat' dir='ltr'><strong>populi</strong></span> <span class='ocrx_word' id='word_1_90' title='bbox 608 2179 671 2267; x_wconf 91' lang='lat' dir='ltr'><strong>est,</strong></span> <span class='ocrx_word' id='word_1_91' title='bbox 705 2202 746 2253; x_wconf 91' lang='lat' dir='ltr'><strong>ut</strong></span> <span class='ocrx_word' id='word_1_92' title='bbox 760 2180 895 2280; x_wconf 88' lang='lat' dir='ltr'><strong>semper</strong></span> <span class='ocrx_word' id='word_1_93' title='bbox 911 2178 1014 2285; x_wconf 82' lang='lat' dir='ltr'><strong>¹vobis</strong></span> <span class='ocrx_word' id='word_1_94' title='bbox 1026 2177 1128 2252; x_wconf 86' lang='lat' dir='ltr'><strong>auxi·</strong></span> <span class='ocrx_word' id='word_1_95' title='bbox 1229 2196 1231 2199; x_wconf 82' lang='grc'><strong>’</strong></span> 
     </span>
     <span class='ocr_line' id='line_1_14' title="bbox 149 2296 1205 2388; baseline 0.002 -17"><span class='ocrx_word' id='word_1_96' title='bbox 149 2298 285 2372; x_wconf 89' lang='lat' dir='ltr'><strong>“lium</strong></span> <span class='ocrx_word' id='word_1_97' title='bbox 315 2296 479 2371; x_wconf 86' lang='lat' dir='ltr'><strong>adversus</strong></span> <span class='ocrx_word' id='word_1_98' title='bbox 509 2296 673 2373; x_wconf 90' lang='lat' dir='ltr'><strong>inimicos</strong></span> <span class='ocrx_word' id='word_1_99' title='bbox 700 2299 779 2373; x_wconf 92' lang='lat' dir='ltr'><strong>satis</strong></span> <span class='ocrx_word' id='word_1_100' title='bbox 810 2303 871 2375; x_wconf 90' lang='lat' dir='ltr'><strong>fit?</strong></span> <span class='ocrx_word' id='word_1_101' title='bbox 906 2326 971 2375; x_wconf 91' lang='lat' dir='ltr'><strong>nec</strong></span> <span class='ocrx_word' id='word_1_102' title='bbox 997 2302 1129 2388; x_wconf 91' lang='lat' dir='ltr'><strong>ullum,</strong></span> <span class='ocrx_word' id='word_1_103' title='bbox 1203 2309 1205 2317; x_wconf 83' lang='lat'>&#39;</span> 
     </span>
    </p>

    <p class='ocr_par' dir='ltr' id='par_1_3' title="bbox 149 2418 1210 4201">
     <span class='ocr_line' id='line_1_15' title="bbox 149 2418 1131 2518; baseline 0 -25"><span class='ocrx_word' id='word_1_104' title='bbox 149 2430 174 2463; x_wconf 86' lang='lat'><strong>“</strong></span> <span class='ocrx_word' id='word_1_105' title='bbox 192 2418 256 2493; x_wconf 85' lang='lat' dir='ltr'><strong>nifi</strong></span> <span class='ocrx_word' id='word_1_106' title='bbox 273 2440 450 2518; x_wconf 89' lang='lat' dir='ltr'><strong>quatenus</strong></span> <span class='ocrx_word' id='word_1_107' title='bbox 474 2418 638 2515; x_wconf 87' lang='lat' dir='ltr'><strong>imperari</strong></span> <span class='ocrx_word' id='word_1_108' title='bbox 664 2418 766 2494; x_wconf 86' lang='lat' dir='ltr'><strong>vobis</strong></span> <span class='ocrx_word' id='word_1_109' title='bbox 792 2420 919 2510; x_wconf 84' lang='lat' dir='ltr'><strong>finatis,</strong></span> <span class='ocrx_word' id='word_1_110' title='bbox 953 2442 1131 2495; x_wconf 88' lang='lat' dir='ltr'><strong>certamen</strong></span> 
     </span>
     <span class='ocr_line' id='line_1_16' title="bbox 150 2538 1131 2615; baseline -0.001 -1"><span class='ocrx_word' id='word_1_111' title='bbox 150 2551 174 2585; x_wconf 92' lang='lat'><strong>“</strong></span> <span class='ocrx_word' id='word_1_112' title='bbox 193 2540 359 2615; x_wconf 89' lang='lat' dir='ltr'><strong>adversus</strong></span> <span class='ocrx_word' id='word_1_113' title='bbox 385 2543 502 2614; x_wconf 88' lang='lat' dir='ltr'><strong>Patres</strong></span> <span class='ocrx_word' id='word_1_114' title='bbox 522 2538 669 2613; x_wconf 89' lang='lat' dir='ltr'><strong>noritis?</strong></span> <span class='ocrx_word' id='word_1_115' title='bbox 719 2542 800 2614; x_wconf 88' lang='lat' dir='ltr'><strong>Nec</strong></span> <span class='ocrx_word' id='word_1_116' title='bbox 827 2541 895 2615; x_wconf 93' lang='lat' dir='ltr'><strong>hoc</strong></span> <span class='ocrx_word' id='word_1_117' title='bbox 913 2560 1037 2613; x_wconf 89' lang='lat' dir='ltr'><strong>natura</strong></span> <span class='ocrx_word' id='word_1_118' title='bbox 1052 2540 1131 2613; x_wconf 83' lang='lat' dir='ltr'><strong>inst-</strong></span> 
     </span>
     <span class='ocr_line' id='line_1_17' title="bbox 151 2656 1130 2757; baseline -0.001 -23"><span class='ocrx_word' id='word_1_119' title='bbox 151 2671 176 2705; x_wconf 91' lang='lat'>“</span> <span class='ocrx_word' id='word_1_120' title='bbox 194 2682 273 2734; x_wconf 92' lang='lat' dir='ltr'><strong>tum</strong></span> <span class='ocrx_word' id='word_1_121' title='bbox 287 2660 390 2735; x_wconf 91' lang='lat' dir='ltr'><strong>vobis</strong></span> <span class='ocrx_word' id='word_1_122' title='bbox 408 2660 471 2748; x_wconf 89' lang='lat' dir='ltr'><strong>est,</strong></span> <span class='ocrx_word' id='word_1_123' title='bbox 500 2658 560 2734; x_wconf 89' lang='lat' dir='ltr'><strong>sed</strong></span> <span class='ocrx_word' id='word_1_124' title='bbox 577 2656 642 2733; x_wconf 89' lang='lat' dir='ltr'><strong>usu</strong></span> <span class='ocrx_word' id='word_1_125' title='bbox 656 2658 891 2757; x_wconf 88' lang='lat' dir='ltr'><strong>poffidemini.</strong></span> <span class='ocrx_word' id='word_1_126' title='bbox 941 2662 1016 2734; x_wconf 92' lang='lat' dir='ltr'><strong>Cur</strong></span> <span class='ocrx_word' id='word_1_127' title='bbox 1033 2659 1130 2733; x_wconf 91' lang='lat' dir='ltr'><strong>enim</strong></span> 
     </span>
     <span class='ocr_line' id='line_1_18' title="bbox 153 2778 1129 2879; baseline -0.001 -24"><span class='ocrx_word' id='word_1_128' title='bbox 153 2780 359 2855; x_wconf 85' lang='lat' dir='ltr'><strong>“adversus</strong></span> <span class='ocrx_word' id='word_1_129' title='bbox 395 2801 558 2853; x_wconf 86' lang='lat' dir='ltr'><strong>externos</strong></span> <span class='ocrx_word' id='word_1_130' title='bbox 589 2800 728 2853; x_wconf 90' lang='lat' dir='ltr'><strong>tantum</strong></span> <span class='ocrx_word' id='word_1_131' title='bbox 759 2778 962 2853; x_wconf 89' lang='lat' dir='ltr'><strong>animorum</strong></span> <span class='ocrx_word' id='word_1_132' title='bbox 996 2780 1129 2879; x_wconf 86' lang='lat' dir='ltr'><strong>geritis,</strong></span> 
     </span>
     <span class='ocr_line' id='line_1_19' title="bbox 154 2897 1130 2999; baseline -0.003 -25"><span class='ocrx_word' id='word_1_133' title='bbox 154 2912 178 2945; x_wconf 88' lang='lat'><strong>“</strong></span> <span class='ocrx_word' id='word_1_134' title='bbox 194 2922 237 2974; x_wconf 89' lang='lat' dir='ltr'><strong>ut</strong></span> <span class='ocrx_word' id='word_1_135' title='bbox 262 2900 433 2999; x_wconf 88' lang='lat' dir='ltr'><strong>imperare</strong></span> <span class='ocrx_word' id='word_1_136' title='bbox 457 2897 525 2973; x_wconf 90' lang='lat' dir='ltr'><strong>illis</strong></span> <span class='ocrx_word' id='word_1_137' title='bbox 547 2925 704 2997; x_wconf 89' lang='lat' dir='ltr'><strong>aequum</strong></span> <span class='ocrx_word' id='word_1_138' title='bbox 721 2898 910 2974; x_wconf 87' lang='lat' dir='ltr'><strong>censeatis?</strong></span> <span class='ocrx_word' id='word_1_139' title='bbox 942 2898 1029 2997; x_wconf 89' lang='lat' dir='ltr'><strong>quia</strong></span> <span class='ocrx_word' id='word_1_140' title='bbox 1045 2924 1130 2973; x_wconf 91' lang='lat' dir='ltr'><strong>con-</strong></span> 
     </span>
     <span class='ocr_line' id='line_1_20' title="bbox 154 3017 1131 3117; baseline -0.003 -21"><span class='ocrx_word' id='word_1_141' title='bbox 154 3032 179 3066; x_wconf 90' lang='lat'><strong>“</strong></span> <span class='ocrx_word' id='word_1_142' title='bbox 195 3020 315 3096; x_wconf 88' lang='lat' dir='ltr'><strong>suestis</strong></span> <span class='ocrx_word' id='word_1_143' title='bbox 339 3046 426 3095; x_wconf 88' lang='lat' dir='ltr'><strong>cum</strong></span> <span class='ocrx_word' id='word_1_144' title='bbox 455 3018 505 3093; x_wconf 89' lang='lat' dir='ltr'><strong>eis</strong></span> <span class='ocrx_word' id='word_1_145' title='bbox 530 3044 595 3117; x_wconf 93' lang='lat' dir='ltr'><strong>pro</strong></span> <span class='ocrx_word' id='word_1_146' title='bbox 615 3017 765 3117; x_wconf 86' lang='lat' dir='ltr'><strong>imperio</strong></span> <span class='ocrx_word' id='word_1_147' title='bbox 792 3042 934 3109; x_wconf 89' lang='lat' dir='ltr'><strong>certare,</strong></span> <span class='ocrx_word' id='word_1_148' title='bbox 968 3017 1131 3093; x_wconf 88' lang='lat' dir='ltr'><strong>adversus</strong></span> 
     </span>
     <span class='ocr_line' id='line_1_21' title="bbox 154 3138 1130 3238; baseline -0.003 -21"><span class='ocrx_word' id='word_1_149' title='bbox 154 3152 178 3186; x_wconf 89' lang='lat'><strong>“</strong></span> <span class='ocrx_word' id='word_1_150' title='bbox 196 3145 260 3216; x_wconf 89' lang='lat' dir='ltr'><strong>hos</strong></span> <span class='ocrx_word' id='word_1_151' title='bbox 294 3162 425 3216; x_wconf 86' lang='lat' dir='ltr'><strong>tentare</strong></span> <span class='ocrx_word' id='word_1_152' title='bbox 458 3138 585 3238; x_wconf 84' lang='lat' dir='ltr'><strong>magis,</strong></span> <span class='ocrx_word' id='word_1_153' title='bbox 632 3164 742 3237; x_wconf 87' lang='lat' dir='ltr'><strong>quarn</strong></span> <span class='ocrx_word' id='word_1_154' title='bbox 776 3138 881 3227; x_wconf 91' lang='lat' dir='ltr'><strong>tueri,</strong></span> <span class='ocrx_word' id='word_1_155' title='bbox 921 3138 1130 3214; x_wconf 88' lang='lat' dir='ltr'><strong>libertatem.</strong></span> 
     </span>
     <span class='ocr_line' id='line_1_22' title="bbox 156 3257 1210 3359; baseline -0.003 -22"><span class='ocrx_word' id='word_1_156' title='bbox 156 3273 179 3305; x_wconf 83' lang='lat'><strong>‘⁴</strong></span> <span class='ocrx_word' id='word_1_157' title='bbox 197 3266 337 3337; x_wconf 86' lang='lat' dir='ltr'><strong>Tamen</strong></span> <span class='ocrx_word' id='word_1_158' title='bbox 357 3257 633 3359; x_wconf 86' lang='lat' dir='ltr'><strong>qualescumque</strong></span> <span class='ocrx_word' id='word_1_159' title='bbox 653 3260 763 3333; x_wconf 88' lang='lat' dir='ltr'><strong>duces</strong></span> <span class='ocrx_word' id='word_1_160' title='bbox 786 3259 968 3348; x_wconf 87' lang='lat' dir='ltr'><strong>habuistis,</strong></span> <span class='ocrx_word' id='word_1_161' title='bbox 996 3259 1131 3358; x_wconf 88' lang='lat' dir='ltr'><strong>quales-</strong></span> <span class='ocrx_word' id='word_1_162' title='bbox 1208 3272 1210 3277; x_wconf 86' lang='lat'>&#39;</span> 
     </span>
     <span class='ocr_line' id='line_1_23' title="bbox 157 3378 1131 3481; baseline -0.002 -24"><span class='ocrx_word' id='word_1_163' title='bbox 157 3392 180 3425; x_wconf 91' lang='lat'><strong>“</strong></span> <span class='ocrx_word' id='word_1_164' title='bbox 198 3408 355 3481; x_wconf 87' lang='lat' dir='ltr'><strong>cumque</strong></span> <span class='ocrx_word' id='word_1_165' title='bbox 368 3380 431 3478; x_wconf 89' lang='lat' dir='ltr'><strong>ipfi</strong></span> <span class='ocrx_word' id='word_1_166' title='bbox 447 3378 573 3467; x_wconf 90' lang='lat' dir='ltr'><strong>fuistis,</strong></span> <span class='ocrx_word' id='word_1_167' title='bbox 603 3378 725 3453; x_wconf 89' lang='lat' dir='ltr'><strong>omnia</strong></span> <span class='ocrx_word' id='word_1_168' title='bbox 738 3381 872 3467; x_wconf 91' lang='lat' dir='ltr'><strong>adhuc,</strong></span> <span class='ocrx_word' id='word_1_169' title='bbox 896 3402 1131 3479; x_wconf 86' lang='lat' dir='ltr'><strong>quantacum-</strong></span> 
     </span>
     <span class='ocr_line' id='line_1_24' title="bbox 158 3498 1133 3601; baseline -0.004 -24"><span class='ocrx_word' id='word_1_170' title='bbox 158 3512 268 3601; x_wconf 89' lang='lat' dir='ltr'><strong>“que</strong></span> <span class='ocrx_word' id='word_1_171' title='bbox 298 3500 445 3599; x_wconf 90' lang='lat' dir='ltr'><strong>petistis,</strong></span> <span class='ocrx_word' id='word_1_172' title='bbox 489 3498 693 3575; x_wconf 89' lang='lat' dir='ltr'><strong>obtinuistis</strong></span> <span class='ocrx_word' id='word_1_173' title='bbox 726 3498 786 3601; x_wconf 83' lang='lat' dir='ltr'><strong>seu</strong></span> <span class='ocrx_word' id='word_1_174' title='bbox 817 3499 868 3588; x_wconf 90' lang='lat' dir='ltr'><strong>vi,</strong></span> <span class='ocrx_word' id='word_1_175' title='bbox 899 3498 956 3574; x_wconf 92' lang='lat' dir='ltr'><strong>seu</strong></span> <span class='ocrx_word' id='word_1_176' title='bbox 990 3499 1133 3575; x_wconf 88' lang='lat' dir='ltr'><strong>fortuna</strong></span> 
     </span>
     <span class='ocr_line' id='line_1_25' title="bbox 159 3618 1131 3719; baseline -0.002 -23"><span class='ocrx_word' id='word_1_177' title='bbox 159 3632 182 3664; x_wconf 90' lang='lat'><strong>“</strong></span> <span class='ocrx_word' id='word_1_178' title='bbox 197 3623 316 3698; x_wconf 90' lang='lat' dir='ltr'><strong>vestra.</strong></span> <span class='ocrx_word' id='word_1_179' title='bbox 366 3625 528 3719; x_wconf 89' lang='lat' dir='ltr'><strong>Tempus</strong></span> <span class='ocrx_word' id='word_1_180' title='bbox 542 3620 603 3707; x_wconf 89' lang='lat' dir='ltr'><strong>est,</strong></span> <span class='ocrx_word' id='word_1_181' title='bbox 627 3618 735 3693; x_wconf 88' lang='lat' dir='ltr'><strong>etiam</strong></span> <span class='ocrx_word' id='word_1_182' title='bbox 752 3620 882 3715; x_wconf 88' lang='lat' dir='ltr'><strong>majora</strong></span> <span class='ocrx_word' id='word_1_183' title='bbox 891 3621 1021 3694; x_wconf 87' lang='lat' dir='ltr'><strong>conari.</strong></span> <span class='ocrx_word' id='word_1_184' title='bbox 1058 3624 1131 3694; x_wconf 88' lang='lat' dir='ltr'><strong>Ex-</strong></span> 
     </span>
     <span class='ocr_line' id='line_1_26' title="bbox 160 3737 1131 3840; baseline -0.002 -25"><span class='ocrx_word' id='word_1_185' title='bbox 160 3752 183 3783; x_wconf 92' lang='lat'>“</span> <span class='ocrx_word' id='word_1_186' title='bbox 200 3740 362 3840; x_wconf 83' lang='lat' dir='ltr'><strong>petimini</strong></span> <span class='ocrx_word' id='word_1_187' title='bbox 395 3742 507 3815; x_wconf 91' lang='lat' dir='ltr'><strong>modo</strong></span> <span class='ocrx_word' id='word_1_188' title='bbox 537 3739 735 3815; x_wconf 85' lang='lat' dir='ltr'><strong>&amp;vestram</strong></span> <span class='ocrx_word' id='word_1_189' title='bbox 762 3737 981 3827; x_wconf 87' lang='lat' dir='ltr'><strong>felicitatem,</strong></span> <span class='ocrx_word' id='word_1_190' title='bbox 1012 3745 1046 3813; x_wconf 86' lang='lat'>&amp;</span> <span class='ocrx_word' id='word_1_191' title='bbox 1072 3767 1131 3813; x_wconf 89' lang='lat' dir='ltr'><strong>me</strong></span> 
     </span>
     <span class='ocr_line' id='line_1_27' title="bbox 161 3858 1130 3960; baseline -0.003 -25"><span class='ocrx_word' id='word_1_192' title='bbox 161 3870 185 3904; x_wconf 91' lang='lat'><strong>“</strong></span> <span class='ocrx_word' id='word_1_193' title='bbox 205 3866 257 3957; x_wconf 90' lang='lat' dir='ltr'><strong>(ut</strong></span> <span class='ocrx_word' id='word_1_194' title='bbox 273 3860 387 3960; x_wconf 89' lang='lat' dir='ltr'><strong>spero)</strong></span> <span class='ocrx_word' id='word_1_195' title='bbox 417 3860 564 3935; x_wconf 88' lang='lat' dir='ltr'><strong>feliciter</strong></span> <span class='ocrx_word' id='word_1_196' title='bbox 580 3882 785 3959; x_wconf 82' lang='lat' dir='ltr'><strong>expertum:</strong></span> <span class='ocrx_word' id='word_1_197' title='bbox 817 3858 954 3935; x_wconf 89' lang='lat' dir='ltr'><strong>minore</strong></span> <span class='ocrx_word' id='word_1_198' title='bbox 972 3860 1130 3958; x_wconf 86' lang='lat' dir='ltr'><strong>negoti0,</strong></span> 
     </span>
     <span class='ocr_line' id='line_1_28' title="bbox 163 3978 1131 4079; baseline -0.003 -24"><span class='ocrx_word' id='word_1_199' title='bbox 163 3982 264 4079; x_wconf 91' lang='lat' dir='ltr'><strong>“qui</strong></span> <span class='ocrx_word' id='word_1_200' title='bbox 291 3981 441 4079; x_wconf 88' lang='lat' dir='ltr'><strong>imperet</strong></span> <span class='ocrx_word' id='word_1_201' title='bbox 465 3980 642 4069; x_wconf 87' lang='lat' dir='ltr'><strong>Patribus,</strong></span> <span class='ocrx_word' id='word_1_202' title='bbox 676 3979 867 4079; x_wconf 89' lang='lat' dir='ltr'><strong>inponetis,</strong></span> <span class='ocrx_word' id='word_1_203' title='bbox 908 4006 1032 4079; x_wconf 89' lang='lat' dir='ltr'><strong>quam,</strong></span> <span class='ocrx_word' id='word_1_204' title='bbox 1066 3978 1131 4077; x_wconf 90' lang='lat' dir='ltr'><strong>qui</strong></span> 
     </span>
     <span class='ocr_line' id='line_1_29' title="bbox 162 4098 1133 4201; baseline 0 -28"><span class='ocrx_word' id='word_1_205' title='bbox 162 4110 187 4142; x_wconf 92' lang='lat'>“</span> <span class='ocrx_word' id='word_1_206' title='bbox 204 4103 385 4178; x_wconf 90' lang='lat' dir='ltr'><strong>refisterent</strong></span> <span class='ocrx_word' id='word_1_207' title='bbox 406 4100 673 4201; x_wconf 87' lang='lat' dir='ltr'><strong>imperantibus,</strong></span> <span class='ocrx_word' id='word_1_208' title='bbox 708 4098 918 4200; x_wconf 90' lang='lat' dir='ltr'><strong>inposuistis.</strong></span> <span class='ocrx_word' id='word_1_209' title='bbox 968 4101 1050 4175; x_wconf 92' lang='lat' dir='ltr'><strong>Solo</strong></span> <span class='ocrx_word' id='word_1_210' title='bbox 1076 4125 1133 4187; x_wconf 85' lang='lat' dir='ltr'><strong>ae-¹</strong></span> 
     </span>
    </p>

    <p class='ocr_par' dir='ltr' id='par_1_4' title="bbox 353 4224 662 4295">
     <span class='ocr_line' id='line_1_30' title="bbox 353 4224 662 4295; baseline -0.003 1"><span class='ocrx_word' id='word_1_211' title='bbox 353 4232 356 4238; x_wconf 79' lang='grc'><strong>“</strong></span> <span class='ocrx_word' id='word_1_212' title='bbox 626 4224 662 4295; x_wconf 91' lang='lat' dir='ltr'>K</span> 
     </span>
    </p>
   </div>
   <div class='ocr_carea' id='block_1_3' title="bbox 0 0 1567 5342">
    <p class='ocr_par' dir='ltr' id='par_1_5' title="bbox 0 0 1567 5342">
     <span class='ocr_line' id='line_1_31' title="bbox 0 0 1567 5342; baseline 0 0"><span class='ocrx_word' id='word_1_213' title='bbox 0 0 1567 5342; x_wconf 95' lang='lat' dir='ltr'><strong> </strong></span> 
     </span>
    </p>
   </div>
  </div>
 </body>
</html>
