3067 5342
479 781 807 859 LrnnnV.
1109 784 1154 881 85

175 952 243 1029 suis
260 953 344 1054 eligi
371 946 609 1054 praepararive
626 978 799 1056 poterant,
826 956 992 1057 providit.
1043 954 1153 1046 Galli,

172 1100 266 1147 nova
297 1101 333 1149 re
359 1076 504 1173 trepidi,
542 1104 638 1151 arma
669 1077 828 1175 capiunt,
872 1078 993 1178 iraque
1027 1078 1153 1178 magis,

173 1220 284 1293 quam
319 1195 476 1284 consilio,
524 1196 561 1270 in
595 1200 781 1273 Romanos
809 1198 1005 1274 incurrunt.
1070 1201 1152 1294 Jam

171 1336 321 1388 verterat
348 1314 502 1405 fortuna,
522 1318 597 1412 jam
625 1320 788 1392 Deorum
817 1344 902 1415 opes
924 1320 1152 1415 humanaque

170 1432 313 1508 consilia
328 1460 402 1508 rem
415 1438 620 1510 Romanam
632 1438 855 1532 adjuvabant.
906 1436 1019 1536 Igitur
1035 1437 1151 1534 primo

169 1552 343 1628 concursu
370 1556 468 1628 haud
485 1555 613 1651 majore
636 1578 820 1630 momento
848 1555 912 1631 fusr
940 1556 1034 1631 Galli
1057 1555 1150 1647 sunt,

168 1699 277 1771 quarn
295 1674 341 1747 ad
358 1672 492 1748 Alliam
505 1674 672 1749 vicerant.
722 1676 874 1771 Justiore
895 1676 1002 1749 altero
1019 1674 1150 1751 deinde

165 1792 301 1890 proelio
318 1794 363 1866 ad
380 1787 545 1867 octavum
568 1793 723 1891 lapidem
748 1794 890 1870 Gabina
919 1794 988 1885 via,
1012 1820 1086 1893 quo
1114 1794 1147 1869 se

64 1953 71 1965 ·
167 1938 212 1985 ex
229 1910 316 2011 suga
340 1915 572 2001 contulerant,
598 1912 754 2009 ejusdem
781 1915 894 1987 dudlu
922 1912 1149 2013 auspicioque

166 2031 311 2106 Camilli
339 2031 543 2106 vincuntur.
593 2032 649 2105 Ibi
679 2034 803 2109 caedes
832 2031 954 2107 omnia
978 2033 1147 2109 obtinuit.

167 2152 289 2225 Castra
320 2152 522 2250 capiuntur,
553 2157 587 2224 ὅτ
617 2177 662 2225 ne
689 2151 843 2225 nuncius
871 2150 1021 2249 quidem
1038 2153 1148 2229 cladis

165 2270 319 2344 relistus.
369 2270 542 2357 Dictator,
568 2292 770 2367 recuperata
786 2298 831 2345 ex
846 2271 1004 2348 hostibus
1021 2275 1144 2373 patria,

168 2389 389 2487 triumphans
406 2389 445 2464 in
460 2394 589 2464 urbem
616 2390 723 2465 redit:
757 2391 919 2489 interque
933 2393 1034 2488 jocos
1051 2394 1145 2468 mili·

167 2531 269 2597 tares,
297 2535 386 2608 quos
404 2509 607 2584 inconditos
625 2510 777 2607 jaciunt,
813 2515 993 2588 Romulus
1017 2540 1059 2589 ac
1085 2540 1145 2611 pa-

168 2656 245 2703 rens
280 2630 409 2729 patriae
437 2629 674 2727 conditorque
703 2632 789 2704 alter
805 2632 902 2706 urbis
929 2634 1025 2707 haud
1048 2632 1146 2707 vanis

166 2748 333 2823 laudibus
355 2750 562 2847 adpellatur.
611 2752 789 2823 Servatam
807 2750 937 2824 deinde
964 2752 1059 2825 bello
1086 2776 1146 2849 pa-

166 2868 270 2943 triam
287 2868 416 2942 iterum
434 2866 471 2941 in
488 2894 575 2966 pace
592 2871 688 2942 haud
706 2868 817 2943 dubie
840 2868 998 2957 servavit,
1030 2896 1146 2969 quum

167 2987 352 3086 prohibuit
375 2986 518 3087 migrari
536 2988 655 3084 Vejos,
690 2994 724 3061 dt
750 2988 902 3063 tribunis
932 3015 1008 3063 rem
1030 2990 1145 3065 inten-

164 3108 235 3183 tius
263 3108 450 3207 agentibus
479 3106 559 3207 post
587 3104 765 3181 incensam
794 3110 935 3197 urbem,
966 3113 1001 3183 ἃ
1031 3109 1142 3207 perse

164 3226 333 3303 inclinata
361 3227 473 3326 magis
499 3229 603 3325 plebe
629 3228 675 3300 ad
703 3226 741 3300 id
771 3226 966 3301 confilium.
1018 3230 1144 3327 anue

163 3348 278 3421 caussa
293 3346 363 3420 fuit
388 3372 460 3420 non
483 3344 703 3421 abdicandae
731 3346 807 3444 post
824 3345 1048 3444 triumphum
1067 3349 1143 3424 dic-

163 3488 310 3555 taturae,
342 3464 460 3540 senatu
495 3453 710 3553 obsecrante,
736 3491 781 3538 ne
815 3466 1073 3565 rempublicam
1105 3469 1142 3543 in

163 3585 299 3661 incerto
315 3585 526 3684 relinqueret
540 3584 641 3658 statu.

209 3708 257 3780 L.
283 3702 463 3778 Omnium
488 3702 660 3801 primum,
684 3724 726 3777 ut
757 3726 829 3779 erat
861 3705 1143 3806 diligentissimus

162 3824 378 3925 religionum
395 3825 523 3913 cultor,
558 3848 649 3922 quae
666 3824 712 3896 ad
726 3824 824 3897 Deos
846 3824 1048 3901 inmortales
1064 3853 1142 3925 per-

163 3944 337 4032 tinebant,
389 3942 537 4029 tetulit3
585 3946 620 4016 dc
661 3941 998 4019 senatusconsultum
1043 3946 1140 4041 facit,

164 4074 188 4110 “
207 4067 304 4139 Fana
320 4062 453 4152 omnia,
488 4062 588 4161 quod
605 4088 647 4135 ea
670 4060 778 4137 hostis
804 4063 1015 4169 possedisset,
1046 4067 1140 4142 resti·

165 4191 189 4228 “
206 4203 400 4272 tuerentur,
430 4181 711 4270 terminarentur,
740 4182 1050 4283 expiarenturque,
1080 4214 1140 4261 ex-
