3067 5342
481 653 807 727 LraanV.
1094 658 1139 754 63

154 828 259 916 saltn,
286 828 424 904 favente
441 827 632 916 Belloveso,
666 855 783 927 quum
799 827 1058 902 transcendisset
1075 830 1139 902 Al-

153 977 230 1048 pes,
263 949 327 1024 ubi
346 975 442 1022 nunc
466 948 583 1023 Brixia
608 975 648 1022 ac
668 951 808 1022 Verona
833 950 936 1021 urbes
953 946 1045 1036 sunt,
1073 949 1138 1046 (lo-

153 1097 215 1145 cos
233 1067 524 1162 tenuere'Libui)
553 1070 749 1143 confidunt.
800 1067 883 1143 Post
899 1070 963 1140 hos
980 1067 1138 1157 Salluvii,

154 1215 266 1288 prope
295 1189 478 1287 antiquam
506 1210 648 1287 gentem
676 1191 814 1263 Laevos
840 1187 1005 1286 Ligures,
1039 1187 1139 1262 inco·

156 1313 268 1384 lentes
299 1309 391 1383 circa
419 1307 594 1382 Ticinum
623 1335 777 1382 amnem.
844 1306 982 1381 Penino
1008 1307 1138 1381 deinde

155 1431 233 1528 Boji
248 1427 502 1528 Lingonesque
523 1427 724 1526 transgressi,
748 1454 864 1526 quum
873 1428 947 1523 jam
967 1427 1057 1501 inter
1073 1433 1139 1502 Pa·

155 1553 246 1624 dum
269 1573 375 1648 atque
393 1551 509 1647 Alpes·
526 1547 647 1622 omnia
674 1567 885 1621 tenerentur.
935 1545 1033 1621 Pado
1059 1547 1138 1621 rati-

156 1673 224 1743 bus
238 1671 392 1766 najeno,
424 1694 497 1742 non
520 1666 682 1742 Etruscos
703 1668 827 1754 modo,
853 1665 914 1740 sed
929 1667 1034 1741 etiam
1046 1669 1139 1740 Um-

156 1792 252 1877 bros,
272 1815 356 1887 agro
377 1791 537 1886 pellunt:
564 1788 654 1862 intra
675 1785 910 1885 Apenninum
931 1809 1049 1860 tamen
1072 1785 1139 1860 sese

157 1931 313 1982 tenuere.
363 1911 462 1982 Tum
476 1911 642 1995 Senones,
676 1906 896 1981 recentissnni
911 1907 1139 1995 advenamm,

157 2030 203 2101 ab
227 2031 362 2102 Utente
378 2027 526 2102 flumine
549 2027 659 2126 usque
677 2029 723 2101 ad
739 2030 859 2101 Aesrm
876 2030 962 2100 fines
977 2028 1140 2100 habuere.

158 2149 268 2221 Hanc
285 2171 428 2247 gentem
442 2150 613 2235 Clufium,
640 2150 869 2246 Romamque
887 2145 985 2233 inde,
1011 2144 1141 2218 venisse

158 2267 351 2365 comperio.
402 2270 445 2342 ld
474 2293 597 2366 parum
625 2289 760 2342 certum
790 2267 852 2355 est,
887 2265 1054 2353 solamne,
1096 2293 1142 2340 an

159 2389 204 2461 ab
219 2387 387 2462 omnibus
404 2387 661 2486 Cisalpinorum
685 2389 868 2461 Gallorum
887 2387 1029 2486 populis
1043 2387 1141 2483 adju·

160 2529 243 2581 tam.
295 2507 441 2596 Clusmi,
463 2534 557 2581 novo
577 2509 671 2582 bello
691 2505 859 2595 exterriti,
890 2533 1005 2606 quum
1019 2506 1141 2580 multl-

160 2626 338 2715 tudinem,
373 2654 488 2726 quum
512 2625 641 2700 formas
654 2627 844 2702 hominum
861 2625 1045 2700 invifitatas
1068 2653 1140 2701 cer·
1205 2687 1209 2693 .

159 2769 283 2821 nerent
300 2753 461 2846 &genus
480 2773 671 2836 armorum,
704 2748 953 2845 audirentque,
977 2744 1075 2844 saepe
1097 2751 1142 2820 ab

160 2865 215 2954 iis,
240 2867 290 2941 cis
310 2870 449 2942 Padum
469 2869 645 2966 ultraque,
669 2867 825 2967 legiones
841 2864 1069 2942 Etruscorum
1085 2867 1141 2942 fu-

160 2986 222 3076 sas,
265 3015 482 3086 quamquam
509 2987 670 3062 adversus
703 2988 885 3062 Romanos
919 2989 1060 3060 nullum
1093 2987 1142 3060 eis

155 3109 213 3204 jus
229 3107 400 3182 societatis
423 3106 640 3182 amicitiaeve
661 3127 745 3194 erat,
779 3107 841 3180 nist
866 3109 966 3205 quod
979 3107 1142 3202 Vejentes

161 3227 439 3327 consanguineos
463 3227 625 3302 adversus
646 3230 822 3326 populum
845 3230 1053 3301 Romanum
1070 3253 1143 3302 non

161 3347 408 3436 defendissent,
442 3350 574 3447 legatos
600 3351 775 3435 Romam,
809 3346 873 3445 qui
899 3346 1074 3421 auxilium
1099 3350 1144 3422 ab

162 3467 280 3542 senatu
309 3490 478 3567 peterent,
512 3466 646 3542 misere.
698 3469 755 3540 De
782 3466 916 3542 auxilio
938 3466 1028 3540 nihil
1044 3453 1142 3564 inpel

161 3611 302 3663 tratum.
353 3587 481 3686 Legati
496 3611 563 3662 tres
581 3590 638 3660 M.
657 3585 759 3662 Fabii
777 3587 944 3660 Ambusti
963 3587 1027 3660 filii
1041 3586 1142 3675 misfi,

161 3708 225 3806 qui
254 3707 389 3782 senatus
416 3707 612 3806 populique
644 3706 801 3780 Romani
831 3707 976 3782 nomine
1002 3729 1145 3806 agerent

161 3854 246 3901 cum
274 3827 397 3918 Gallis,
427 3855 486 3914 ne,
513 3826 684 3924 aquibus
708 3828 844 3902 nullam
865 3826 1027 3924 injuriam
1046 3853 1143 3901 acce-

162 3947 299 4046 pissent,
334 3946 443 4022 socios
465 3947 589 4046 populi
613 3945 769 4022 Romani
796 3968 901 4044 atque
926 3945 1058 4020 amicos
1081 3951 1144 4022 ob-

164 4089 369 4167 pugnarent.
419 4066 593 4144 Romanis
619 4093 677 4140 eos
711 4068 806 4142 bello
838 4091 997 4164 quoque,
1039 4070 1144 4143 stret
