3067 5342
476 690 825 767 LrnurtIX.
1086 659 1156 804 353

175 868 200 902 “
219 882 284 933 cur
298 858 385 934 vieti
415 863 519 960 pado
547 887 621 936 non
650 861 769 938 stetis?
819 863 967 938 Oblides
983 861 1155 939 Porsenae

174 989 201 1034 ‘·‘
216 978 361 1055 dedistis
372 1013 393 1068 ς,
414 979 509 1055 furto
524 1009 585 1056 eos
600 981 832 1058 subduxistis:
863 987 949 1058 auro
975 983 1155 1059 civitatem

173 1109 200 1143 “
217 1125 239 1174 a
258 1099 372 1175 Gallis
387 1101 581 1176 redemistis
588 1134 602 1190 3
630 1102 722 1177 inter
747 1102 1000 1201 accipiendum
1027 1129 1154 1177 aurum

172 1228 200 1262 “
217 1219 416 1295 caelisunt:
449 1247 573 1321 pacem
602 1222 788 1298 nobiscum
813 1221 1006 1322 pepigistis,
1036 1244 1078 1297 ut
1106 1223 1155 1297 le-

172 1348 199 1382 “
217 1338 341 1438 giones
356 1339 458 1416 vobis
474 1363 591 1440 captas
612 1343 894 1430 restitueremus3
922 1369 1001 1416 eam
1030 1369 1155 1441 pacem

173 1457 351 1534 “irritam
377 1459 506 1550 facitis,
533 1467 567 1536 bt
597 1461 732 1562 semper
754 1463 910 1561 aliquam
937 1461 1054 1536 fraudi
1081 1461 1155 1562 spe·

174 1579 313 1654 “ciem
331 1580 421 1678 juris
438 1581 619 1680 inponitis.
653 1585 741 1657 Non
762 1585 888 1680 probat
905 1584 1060 1680 populus
1078 1585 1155 1657 Ro·
1278 1615 1281 1620 ·

173 1709 343 1775 “manus
388 1700 624 1801 ignominiosa
662 1729 748 1800 pace
788 1701 946 1800 legiones
987 1699 1154 1777 servatas?

173 1829 342 1918 “pacem
368 1821 430 1896 fibi
457 1825 596 1910 habeat,
617 1821 775 1921 legiones
804 1844 921 1920 captas
951 1821 1077 1896 vietori
1103 1849 1155 1896 re-

172 1949 199 1984 ⁸‘
218 1939 353 2015 stituat:
380 1943 451 2016 hoc
477 1943 562 2030 fide,
593 1943 663 2016 hoc
678 1941 895 2030 foederibus,
927 1944 997 2017 hoc
1023 1941 1156 2017 feciali·
1244 1999 1247 2010 .

173 2059 283 2135 “bus
309 2061 518 2136 ceremoniis
544 2061 698 2161 dignum
728 2061 811 2137 erat'.
861 2064 917 2136 Ut
933 2081 973 2135 tu
992 2059 1155 2160 quidem,

172 2183 318 2278 “quod
350 2181 479 2280 petisti,
506 2207 569 2278 per
593 2181 795 2280 padionem
821 2183 962 2270 habeas,
986 2201 1039 2255 tot
1062 2181 1157 2256 cives

172 2309 198 2344 “
216 2299 432 2388 incolumes;
469 2327 537 2400 ego
574 2327 712 2399 pacem,
742 2325 853 2399 quam
881 2300 973 2375 hosti
1006 2300 1073 2375 tibi
1102 2325 1155 2374 re-

170 2419 391 2494 “mittendo
417 2425 539 2520 padus
568 2418 659 2508 sum,
691 2447 764 2494 non
798 2423 963 2494 habeam:
1000 2422 1070 2494 hoc
1097 2439 1152 2508 tu,

172 2547 197 2582 ‘⁶
216 2542 264 2612 A.
288 2539 445 2629 Corneli,
472 2543 542 2615 hoc
575 2566 650 2628 vos,
681 2539 833 2629 feciales,
862 2539 952 2636 juris
990 2537 1157 2638 gentibus

172 2667 198 2703 ‘⁴
216 2658 357 2734 dicitis?
409 2663 490 2760 Ego
518 2687 603 2735 veto
625 2661 722 2750 istos,
746 2687 836 2758 quos
866 2658 951 2733 dedi
976 2657 1156 2747 simulatis,

173 2788 199 2823 ‘⁴
218 2805 283 2853 nec
313 2779 464 2878 accipio,
506 2805 572 2854 nec
602 2779 688 2854 dedi
720 2781 886 2866 arbitror3
932 2805 997 2853 nec
1024 2803 1176 2868 moror,

173 2909 200 2942 “
217 2923 293 2997 quo
323 2897 444 3008 minus
475 2897 513 2972 in
544 2897 724 2973 civitatem
754 2898 948 2996 obligatam
978 2896 1157 2996 sponfione

173 3027 199 3061 “
218 3018 412 3105 commiffa,
443 3017 538 3091 iratis
563 3017 731 3092 omnibus
761 3017 856 3106 Diis,
893 3043 1048 3117 quorum
1082 3019 1157 3091 elu-

172 3136 314 3212 “ditur
337 3162 486 3225 numen,
514 3139 668 3212 redeant.
718 3137 841 3212 Gerite
857 3139 995 3212 bellum
1011 3139 1158 3235 quando

173 3266 199 3301 “
217 3259 276 3355 sp.
308 3257 512 3331 Postumius
545 3257 656 3331 modo
682 3257 841 3355 legatum
871 3255 1032 3331 fecialem
1062 3281 1157 3354 genu

173 3387 200 3421 “
218 3377 382 3474 perculit.
437 3379 492 3450 Ita
517 3375 581 3451 Dii
611 3377 769 3464 credent,
810 3377 1004 3450 Samnitem
1042 3375 1158 3453 civem

172 3505 199 3542 “
216 3495 456 3584 Postumium,
490 3522 563 3569 non
580 3495 696 3570 civem
713 3499 937 3584 Romanum,
967 3497 1047 3584 effe,
1077 3502 1112 3571 sc
1139 3523 1160 3570 a

173 3615 373 3691 “Samnite
417 3618 572 3715 legatum
605 3618 815 3689 Romanum
853 3613 1037 3690 violatum.
1103 3619 1159 3690 Eo

174 3745 200 3781 “
218 3719 320 3812 vobis
330 3735 468 3833 justum
483 3735 522 3809 in
539 3761 602 3809 nos
619 3734 753 3809 saelum
772 3737 838 3808 effe
855 3735 1003 3810 bellum.
1054 3737 1159 3811 Haec

173 3855 376 3931 “ludibria
404 3853 619 3954 religionum
637 3881 710 3928 non
726 3857 860 3953 pudere
882 3853 921 3928 in
943 3856 1063 3930 lucem
1079 3879 1160 3954 pro·
1231 3863 1234 3871 ’

174 3985 200 4020 “
219 3974 329 4051 ferre?
364 3981 399 4052 dt
422 3976 485 4053 vix
511 3975 629 4074 pueris
652 3975 778 4073 dignas
798 3977 965 4073 ambages
995 3973 1092 4049 senes
1118 3999 1159 4050 ac

96 4105 101 4116 ·
173 4095 417 4173 “consulares
440 4095 612 4173 fallendae
641 4093 728 4168 fidei
750 4092 957 4192 exquirere?
984 4095 1015 4181 1,
1042 4094 1157 4183 liuor,

621 4218 658 4289 A
683 4239 705 4286 a
