3067 5342
489 745 816 820 LtnnnV.
1103 745 1150 840 69

164 946 227 994 mo
243 905 426 994 caesorum
453 916 561 1017 spolia
582 917 710 1016 legere,
745 941 997 1013 armorumque
1019 941 1146 989 cumu-

164 1042 231 1128 los,
259 1062 301 1113 ut
321 1065 399 1112 mos
429 1037 478 1112 eis
501 1037 564 1124 est,
599 1062 814 1111 coacervare.
863 1039 964 1110 Tum
979 1038 1143 1124 demum,

164 1159 354 1257 postquam
371 1155 461 1230 nihil
484 1155 633 1255 usquam
655 1156 781 1230 hostile
796 1159 1017 1243 cernebatur,
1049 1155 1145 1228 viam

165 1277 317 1376 ingreffi,
343 1278 441 1350 haud
457 1277 573 1348 multo
590 1297 669 1348 ante
685 1273 765 1350 solis
781 1274 945 1349 occasum
958 1277 1004 1348 ad
1020 1278 1147 1349 urbem

164 1399 326 1471 Romam
349 1394 571 1494 perveniunt.
620 1394 699 1468 Ubi
716 1419 834 1492 quum
848 1397 1028 1492 praegreffi
1046 1393 1146 1490 equi·

164 1537 229 1603 tes,
251 1543 327 1588 non
343 1537 457 1613 portas
480 1512 624 1601 clausas,
649 1539 722 1586 non
747 1513 933 1587 stationem
957 1538 1022 1610 pto
1037 1511 1146 1608 portis

163 1637 355 1722 excubare,
382 1659 456 1706 non
473 1653 622 1706 armatos
638 1635 704 1706 effe
723 1632 760 1705 in
777 1631 902 1718 muris,
936 1630 1145 1718 remliffent3

163 1753 263 1826 aliud
280 1751 387 1851 priori
405 1750 514 1824 simile
538 1751 751 1825 miraculum
769 1777 829 1824 eos
846 1747 1009 1824 sustinuit
1015 1783 1027 1836 ;
1059 1777 1144 1824 noc-

165 1895 312 1970 temque
332 1870 434 1946 veriti
462 1869 659 1970 &ignotae
683 1874 787 1944 fitum
811 1869 921 1958 urbis,
948 1869 1039 1942 inter
1068 1871 1145 1942 Ro·

166 2019 262 2065 mam
289 2012 396 2088 atque
426 1989 603 2066 Anienem
632 1988 833 2076 consedere,
866 1988 1147 2086 exploratoribus

167 2111 272 2184 miffis
308 2109 402 2184 circa
433 2108 575 2182 moenia
606 2108 758 2207 aliasque
791 2129 920 2206 portas,
970 2134 1146 2206 quaenam

166 2229 326 2304 hostibus
350 2228 388 2302 in
413 2228 551 2327 perdita
576 2255 612 2302 te
644 2227 785 2302 confilia
806 2231 925 2302 effent.
974 2227 1146 2316 Romani,

166 2375 282 2447 quum
315 2373 392 2445 pars
417 2349 528 2443 major
553 2373 599 2422 ex
628 2347 703 2422 acie
734 2349 840 2444 Vejos
864 2349 1013 2446 petiffet,
1039 2373 1146 2421 nemo

167 2467 335 2566 supereffe
352 2493 572 2564 quemquam
589 2490 722 2563 praeter
741 2493 814 2555 eos,
842 2468 908 2566 qui
923 2470 1082 2541 Romam
1095 2495 1146 2541 re-

168 2585 343 2684 fugerant,
377 2587 546 2672 crederet,
591 2585 801 2683 complorati
838 2615 976 2675 omnes,
1021 2585 1149 2683 pariter

168 2704 239 2778 vivi
257 2704 475 2803 mortuique,
507 2727 618 2780 totam
642 2731 751 2804 prope
770 2710 898 2781 urbem
917 2705 1080 2780 lamentis
1093 2705 1147 2778 in·

168 2825 363 2920 pleverunt.
413 2824 570 2898 Privatos
580 2823 711 2898 deinde
721 2828 839 2898 ludlus
851 2823 1038 2924 stupefecit
1054 2827 1147 2920 pub·

169 2943 259 3017 licus
284 2969 404 3040 pavor,
432 2943 619 3042 postquam
646 2944 760 3018 hostes
794 2947 907 3018 adeffe
936 2943 1147 3017 nunciatum

168 3063 228 3136 est
278 3065 375 3136 Mox
397 3064 554 3136 ululatus
577 3061 770 3160 cantusque
798 3061 963 3150 diffonm,
989 3063 1147 3161 vaganti·

168 3187 236 3258 bus
253 3183 347 3257 circa
362 3181 505 3256 moenia
533 3182 716 3256 turmatim
745 3182 911 3270 barbaris,
944 3182 1148 3256 audiebant.

168 3305 288 3377 Omne
316 3302 400 3376 inde
430 3324 570 3400 tempus
595 3299 771 3398 suspensos
797 3301 848 3374 ita
872 3302 987 3376 tenuit
1012 3301 1149 3376 animos
1233 3327 1237 3336 ’

167 3423 281 3521 usque
311 3425 358 3496 ad
387 3426 506 3498 lucem
530 3423 686 3508 alteram,
712 3442 753 3494 ut
776 3420 988 3494 idemtidem
1010 3421 1083 3517 jam
1112 3421 1150 3495 in

166 3546 296 3618 urbem
313 3541 454 3616 futurus
475 3540 654 3614 videretur
681 3539 821 3638 inpetus
847 3541 964 3638 primo
980 3543 1150 3629 adventu,

168 3689 243 3762 quo
271 3663 478 3737 accefferant
498 3661 543 3733 ad
569 3663 707 3733 urbem.
759 3660 948 3735 Mansuros
976 3661 1075 3734 enim
1103 3663 1150 3734 ad

123 3815 127 3824 ·
169 3782 305 3857 Alliam
321 3781 434 3868 fuiffe,
463 3779 524 3852 nili
542 3781 610 3852 hoc
628 3777 761 3852 consilii
777 3778 877 3853 foret.
928 3780 1070 3854 Deinde
1085 3780 1150 3855 sub

169 3901 340 3978 obcasum
355 3899 448 3989 solis,
480 3898 566 3998 quia
580 3899 677 3970 haud
697 3900 854 3972 multum
871 3899 944 3973 diei
962 3899 1149 4002 supererat,

170 4043 249 4096 ante
270 4024 413 4095 noctem
430 4018 494 4093 rati
510 4018 542 4093 se
566 4017 763 4106 invasuros3
787 4041 867 4093 tum
883 4020 920 4092 in
934 4021 1075 4093 nodem
1096 4020 1150 4093 di-

172 4143 285 4215 latum
307 4138 492 4215 consilium
515 4139 594 4224 effe,
621 4163 695 4236 quo
712 4139 793 4237 plus
819 4139 957 4237 pavoris
972 4139 1150 4216 inferrent.
