3067 5342
502 692 831 809 LtsnnV.
1123 718 1165 790 17

179 879 301 957 pente,
321 860 463 960 ¹quibus
480 862 604 937 census
618 864 781 962 equester
803 882 888 949 erat,
916 859 1002 958 equi
1025 859 1164 959 publici

180 1006 254 1054 non
280 1002 379 1055 erant
400 983 583 1082 adfignati,
615 984 758 1059 consilio
786 983 883 1081 prius
908 981 999 1055 inter
1014 980 1083 1055 sese
1103 983 1163 1054 ha-

179 1099 270 1188 bito,
295 1100 455 1176 senatum
486 1105 646 1191 adeunt3
682 1099 846 1202 fadaque
874 1101 1019 1177 dicendi
1050 1100 1162 1199 potes-

178 1240 261 1309 tate,
292 1221 394 1321 equis
416 1222 449 1297 se
473 1222 542 1298 suis
566 1224 740 1324 stipendia
756 1225 910 1298 faciuros
936 1221 1162 1320 promittunt.

177 1340 324 1442 Qribus
340 1368 458 1444 quum
474 1343 691 1442 ampliffimis
707 1343 823 1420 verbis
841 1343 969 1442 gratiae
985 1345 1030 1417 ab
1041 1342 1160 1417 senatu

176 1462 273 1535 afilae
290 1465 411 1549 effent,
437 1463 602 1562 famaque
620 1462 792 1538 calorum
815 1484 922 1560 atque
940 1466 1067 1537 urbem
1085 1488 1163 1559 per-

176 1583 319 1669 vafillet,
355 1581 472 1657 subito
501 1584 548 1656 ad
577 1583 713 1658 curiam
740 1581 931 1658 concursus
961 1584 1002 1655 fit
1034 1581 1160 1679 plebis.

178 1711 204 1744 “
220 1701 396 1834 gedestris
419 1703 554 1777 ordinis
576 1703 647 1791 se‚”
672 1705 798 1810 ajunt,
811 1714 836 1746 “
856 1729 952 1776 nunc
970 1703 1050 1790 effe,
1076 1727 1161 1799 ope·

177 1830 203 1865 ‘⁶
222 1847 369 1920 ramque
402 1822 617 1922 reipublicae
653 1846 753 1898 extra
785 1821 950 1896 ordinem
983 1821 1159 1922 polliceri,

177 1950 204 1984 “
222 1940 280 2015 seu
301 1943 418 2038 Vejos,
446 1941 504 2017 seu
521 1969 595 2042 quo
622 1943 692 2018 alio
710 1946 839 2018 ducere
856 1942 978 2016 velint.
1028 1942 1064 2017 Si
1089 1945 1159 2016 Ve-

175 2062 271 2157 “jos
296 2063 397 2136 duell
414 2067 515 2153 sint,''
541 2085 685 2164 negant,
713 2077 737 2108 “
757 2064 790 2138 se
806 2065 891 2138 inde
907 2063 1019 2161 prius,
1046 2089 1158 2160 quam

175 2192 202 2224 “
220 2203 322 2281 capta
333 2186 422 2258 urbe
438 2184 610 2271 hostium,
636 2184 810 2259 redituros
827 2187 928 2257 effe.'’
977 2185 1014 2257 T
1014 2208 1078 2256 um
1098 2210 1158 2257 ve·

173 2326 214 2374 ro
223 2301 298 2396 jam
315 2301 584 2402 superfundenti
611 2303 645 2379 se
662 2303 813 2378 laetitiae
835 2302 898 2378 vix
922 2324 1158 2401 temperatum

172 2421 233 2496 est.
284 2426 371 2496 Non
384 2423 495 2512 enim,
515 2427 602 2499 ficut
619 2423 770 2522 equites,
797 2424 880 2497 dato
896 2421 1158 2522 magistratibus

173 2541 331 2640 negoti0,
357 2543 491 2618 laudari
503 2545 602 2640 julfi3
634 2568 750 2642 neque
768 2565 831 2617 aut
849 2542 887 2616 in
905 2542 1039 2618 curiam
1052 2568 1156 2615 voca·

171 2659 213 2749 ti,
248 2662 381 2758 quibus
398 2662 601 2761 responsum
624 2665 778 2753 daretur,
809 2685 870 2738 aut
896 2661 1020 2735 limine
1037 2660 1155 2736 curiae

172 2782 424 2857 continebatur
437 2781 591 2857 senatus:
618 2782 678 2858 sed
695 2811 760 2883 pro
777 2782 810 2857 se
828 2779 980 2879 quisque
994 2807 1040 2853 ex
1057 2780 1156 2878 supe-

171 2899 262 2974 riore
289 2903 369 2976 loco
386 2904 432 2976 ad
459 2903 745 2992 multitudinem,
771 2902 809 2976 in
827 2901 975 2977 comitio
992 2900 1155 2988 stantem,

170 3045 258 3094 voce
281 3021 517 3120 manibusque
547 3023 739 3122 fignificare
762 3021 946 3120 publicam
973 3018 1155 3094 laetitiam.

171 3143 313 3215 Beatam
331 3145 457 3216 urbem
480 3143 697 3230 Romanam,
721 3147 754 3216 δι
774 3141 957 3229 invidam,
985 3144 1018 3213 &
1046 3161 1155 3213 aeter-

170 3287 253 3335 nam
278 3261 337 3335 illa
353 3262 545 3336 concordia
561 3261 700 3337 dicere:
734 3259 1051 3359 laudareequites,
1078 3263 1154 3333 lau·

169 3383 251 3456 dare
268 3383 425 3478 plebem,
459 3381 556 3456 diem
574 3380 691 3480 ipsum
707 3380 877 3455 laudibus
890 3379 994 3455 ferre:
1022 3381 1153 3456 vietam

168 3503 234 3576 effe
266 3500 365 3576 fateri
396 3501 602 3576 comitatem
636 3499 969 3600 benignitatemque
1002 3499 1151 3574 senatus.

169 3623 339 3697 Certatim
365 3620 529 3696 Patribus
551 3621 721 3720 plebique
739 3647 880 3695 manare
900 3620 1034 3718 gaudio
1051 3619 1172 3694 lacriz·

169 3769 265 3829 mae3
306 3744 435 3829 donec,
462 3739 631 3816 revocatis
665 3741 703 3814 in
737 3739 873 3815 curiam
897 3739 1075 3827 Patribus,
1101 3738 1151 3812 se-

169 3861 468 3936 natusconsultum
498 3859 632 3936 fadum
661 3859 725 3948 est,
758 3871 784 3904 “
813 3863 869 3934 Ut
893 3858 1028 3934 tribuni
1056 3856 1151 3932 mili-

169 3993 194 4025 “
213 4003 312 4070 tates,
339 3981 512 4057 concione
534 3982 716 4066 advocata,
748 3978 930 4077 peditibus
954 3976 1151 4076 equitibus-

167 4111 282 4200 “que
306 4101 431 4201 gratias
456 4123 615 4202 agerent:
647 4125 844 4174 memorem
870 4097 1009 4196 pietatis
1026 4125 1151 4179 eorum

653 4221 684 4294 C
