3067 5342
474 675 512 747 L
538 697 552 746 1
582 697 602 746 n
632 696 654 745 n
682 695 706 744 n
758 672 858 745 VIII.
1103 697 1175 770 3¹9

192 841 453 920 “conveniens
483 845 562 933 else,
587 863 732 943 propter
748 847 805 944 Q
819 840 974 917 Fabium
1000 840 1180 917 civitatem

192 961 276 1036 “in
308 962 451 1051 laetitia,
482 963 642 1052 victoria,
668 961 1001 1061 supplicationibus,
1031 988 1074 1037 ac
1102 989 1180 1063 gra-

192 1095 220 1128 “
238 1083 472 1159 tulationibus
497 1085 584 1158 etse:
618 1110 716 1172 eum,
749 1102 893 1180 propter
917 1107 1029 1180 quem
1057 1085 1179 1159 Deum

192 1205 387 1279 “delubra
415 1223 569 1302 pateant,
606 1229 681 1277 arae
715 1201 890 1276 sacrificiis
919 1200 1074 1291 sument,
1115 1205 1180 1278 ho-

193 1335 219 1368 “
238 1348 336 1412 nore,
370 1321 475 1397 donis
498 1325 740 1411 cumulentur,
771 1311 949 1396 nudatum
967 1319 1075 1421 virgis
1089 1324 1180 1400 lace-

195 1453 222 1486 “
240 1441 306 1517 rari
332 1441 370 1516 in
397 1441 587 1541 conspeslu
615 1441 741 1542 populi
768 1440 946 1529 Romani3
980 1440 1180 1530 intuentem

195 1563 460 1662 “Capitolium
487 1587 594 1663 atque
618 1589 747 1652 arcem,
775 1562 943 1660 Deosque
960 1566 1006 1640 ab
1030 1563 1063 1639 se
1089 1566 1181 1639 duo·

194 1695 220 1728 “
239 1687 306 1759 bus
323 1683 464 1782 proeliis
492 1687 590 1759 haud
616 1684 740 1760 frustra
763 1686 977 1758 advocatos?
1025 1689 1114 1787 Qro
1141 1685 1181 1761 id

127 1891 130 1896 ¹
195 1803 361 1879 “animo
388 1804 597 1892 exercinrm,
622 1803 686 1902 qui
714 1804 788 1900 ejus
815 1804 927 1877 duem
945 1801 1180 1904 auspiciisque

195 1935 221 1968 “
238 1923 386 2014 vicisset,
417 1926 599 1998 laturum?
626 1949 735 2022 quem
753 1925 891 1997 lustum
912 1922 951 1997 in
966 1923 1083 2000 castris
1102 1928 1179 2000 Ro·

196 2055 220 2090 “
240 2043 366 2133 manis,
412 2023 522 2142 quam
561 2041 730 2118 laetitiam
768 2041 860 2117 inter
897 2044 1012 2119 hostes
1049 2044 1123 2121 fore
1141 2047 1180 2122 ?”

195 2165 313 2250 Haec,
339 2164 440 2236 sunul
451 2164 611 2262 jurgans,
637 2189 802 2262 querens,
829 2166 951 2239 Debm
973 2162 1180 2241 hominum-

195 2310 267 2382 que
284 2285 395 2358 fidem
422 2283 612 2371 obtestans,
641 2287 675 2356 δι
702 2286 912 2382 complexus
941 2282 1072 2375 filium,
1098 2289 1178 2386 plu-

195 2403 295 2478 rimis
308 2430 394 2478 cum
410 2401 564 2478 lacrimis
576 2404 713 2502 agebat.

244 2525 421 2598 XXXIV.
455 2526 575 2600 Stabat
605 2549 690 2598 cum
713 2547 756 2597 eo
774 2520 911 2597 senatus
933 2525 1102 2620 majestas,
1128 2527 1180 2603 fa-

194 2669 259 2717 vor
278 2643 419 2742 populi,
445 2641 681 2718 tribunicium
706 2641 896 2730 auxilium,
922 2645 1095 2719 memoria
1118 2651 1179 2722 ab·

195 2761 300 2838 sentis
323 2763 510 2839 exercitus.
562 2767 620 2837 Ex
633 2783 728 2861 parte
743 2763 850 2837 altera
875 2772 900 2806 “
916 2761 1108 2861 imperium
1126 2765 1180 2841 in·
1216 2754 1220 2760 ’

196 2893 222 2926 “
240 2881 378 2958 victum
395 2882 520 2983 populi
538 2881 711 2971 Romani,
738 2887 772 2956 a
787 2880 973 2981 disciplina
988 2883 1037 2958 rei
1050 2885 1180 2962 milita-

196 3013 222 3046 “
240 3001 300 3092 ris,
332 3003 568 3078 &dictatoris
592 3002 752 3077 edictum
783 3029 847 3102 pro
869 3002 1019 3079 numine
1044 3004 1180 3108 semper

196 3133 222 3166 “
241 3121 478 3212 observatum,
506 3121 753 3198 &Manliana
781 3122 942 3223 imperia,
976 3130 1010 3199 δι
1042 3123 1181 3226 postha-

198 3252 223 3286 “
243 3241 318 3317 bita
336 3243 401 3318 filii
420 3243 544 3319 caritas
561 3243 726 3342 publicae
739 3243 922 3334 utilitati,''
945 3245 1181 3342 jactabantur.

197 3365 329 3438 “Hoc
351 3362 458 3438 etiarn
479 3365 527 3439 L.
550 3367 714 3452 Brutum,
748 3364 971 3450 conditorem
995 3369 1181 3444 Romanae

198 3493 224 3526 “
242 3481 423 3573 libertatis,
434 3504 536 3559 antea
550 3485 588 3558 in
603 3487 747 3561 duobus
762 3483 880 3560 liberis
893 3485 1019 3562 feciffe.
1070 3489 1182 3564 Nunc

200 3614 225 3646 “
243 3625 356 3701 patres
373 3629 506 3692 comes,
532 3603 677 3679 &senes
693 3603 812 3679 faciles
834 3606 880 3679 de
900 3603 1015 3678 alieno
1032 3604 1183 3705 imperio

199 3733 224 3766 “
242 3723 370 3821 spret0,
401 3745 586 3824 tamquam
602 3723 652 3798 rei
669 3751 809 3823 parvae,
833 3723 1036 3822 disciplinae
1053 3723 1182 3801 milita·

200 3853 225 3887 “
243 3843 290 3919 ris
311 3843 445 3920 eversae
461 3844 642 3942 juventuti
666 3845 814 3945 gratiam
828 3843 953 3920 facere.
1002 3848 1046 3919 Se
1062 3865 1182 3920 tamen

199 3974 225 4008 “
243 3963 476 4062 perstaturum
503 3964 542 4039 in
564 3964 729 4065 incepto:
760 3991 827 4040 nec
850 3964 897 4054 ei,
929 3963 994 4064 qui
1020 3964 1183 4042 adversus

201 4091 227 4126 ‘⁴
245 4083 532 4174 distumsuum
559 4085 707 4161 turbatis
737 4083 969 4184 religionibus
997 4111 1039 4162 ac
1061 4086 1183 4164 dubiis
