3067 5342
364 699 435 772 320
646 673 993 748 ·T.L1v11

364 853 389 888 “
407 841 584 943 auspiciis,
610 846 807 944 pugnasset,
837 843 1039 944 quidquam
1055 857 1101 918 'ex
1120 843 1215 949 justa
1231 867 1345 942 poena

364 973 390 1008 “
408 963 639 1038 remissurum.
690 965 857 1062 Majestas
883 964 1022 1062 imperii
1046 987 1215 1064 perpetua
1234 991 1280 1038 ne
1295 962 1345 1038 es-

365 1091 390 1124 “
408 1079 470 1169 set,
496 1109 570 1156 non
604 1085 669 1157 csse
696 1082 734 1157 in
764 1083 825 1157 sua
850 1083 1030 1182 potestate.
1084 1086 1131 1158 L,
1161 1083 1345 1182 Papirium

364 1211 390 1246 “
410 1199 499 1274 nihil
523 1201 569 1276 de
592 1201 667 1298 ejus
686 1203 766 1298 jure
794 1202 1078 1278 deminuturum.
1127 1206 1274 1300 Optare,
1301 1228 1346 1277 ne

365 1319 558 1419 “potestas
571 1319 776 1410 tribunicia,
806 1321 975 1396 inviolata
997 1321 1081 1420 ipsa,
1111 1322 1222 1396 violet
1238 1321 1344 1396 inter-

365 1449 390 1484 “
410 1443 557 1514 ceffione
581 1439 641 1514 sua
663 1443 873 1516 Romanum
898 1441 1105 1541 imperium,
1130 1469 1201 1515 neu
1230 1467 1347 1539 popu-

365 1570 390 1604 “
410 1563 464 1636 lus
482 1561 520 1634 in
543 1559 576 1634 se
594 1559 812 1658 potissimum
829 1561 1038 1636 distatoretn
1065 1565 1100 1636 a
1116 1562 1177 1656 jus
1197 1561 1347 1636 dietam-

365 1691 391 1728 “
407 1707 463 1754 rae
478 1679 688 1779 exstinguat.
738 1683 851 1784 Quod
867 1686 890 1755 fi
913 1680 1057 1769 fecisset,
1090 1707 1163 1756 non
1178 1685 1225 1756 L
1242 1681 1347 1780 Papi·

366 1811 391 1844 “
410 1799 518 1888 rium,
545 1799 604 1874 sed
625 1800 799 1891 tribunos,
823 1800 884 1875 sed
899 1826 1048 1897 pravum
1070 1803 1197 1898 populi
1213 1800 1348 1898 judici-

367 1929 391 1964 “
410 1944 488 2008 um,
506 1920 752 2020 nequidquam
770 1921 924 2018 posteros
938 1919 1181 1995 accusaturos:
1216 1947 1347 2020 quum,

367 2042 547 2138 “polluta
577 2039 682 2115 semel
724 2038 868 2116 militari
906 2038 1104 2138 disciplina,
1140 2066 1215 2114 non
1247 2040 1350 2114 miles

367 2170 392 2202 “
411 2159 641 2248 centurionis,
674 2185 745 2233 non
774 2157 934 2234 centurio
967 2158 1115 2246 tribuni,
1142 2185 1215 2232 non
1236 2156 1348 2233 tribu·

367 2288 392 2322 “
410 2277 610 2378 nuslegati,
640 2305 712 2354 non
736 2280 872 2378 legatus
889 2278 1055 2367 consulis,
1082 2305 1157 2354 non
1182 2278 1348 2377 magister

367 2408 393 2440 “
411 2397 575 2496 equiturn
606 2398 785 2472 distatoris
808 2419 927 2498 pareat
952 2397 1122 2494 imperi03
1150 2423 1258 2471 nemo
1284 2399 1348 2471 ho-

366 2527 391 2560 “
409 2516 565 2605 minum,
597 2543 703 2590 nemo
735 2521 897 2593 Deorum
924 2515 1177 2592 verecundiam
1202 2519 1349 2604 habeat,

367 2647 393 2680 “
411 2663 484 2711 non
509 2636 630 2716 ‚edissa
658 2636 924 2734 imperatorum,
951 2665 1025 2712 non
1047 2636 1203 2736 auspicia
1233 2636 1350 2712 obser·

369 2767 393 2800 “
411 2778 557 2844 ventur;
583 2760 651 2831 fine
674 2780 875 2832 commeatu
895 2757 977 2856 vagi
999 2757 1129 2833 milites
1155 2758 1194 2832 in
1209 2780 1348 2856 pacato,
1425 2752 1428 2757 ⁵

367 2876 449 2950 “in
481 2875 617 2951 hostico
646 2899 772 2964 errent,
815 2876 1029 2952 inmemores
1056 2876 1274 2966 sacramenti,
1307 2877 1350 2951 li-

370 2995 530 3072 “centia
558 2993 629 3070 sola
656 2994 702 3085 se,
728 2995 794 3071 ubi
819 2996 943 3086 velint,
969 3000 1197 3073 exaudiorent
1204 3033 1216 3086 3
1244 2997 1350 3072 infre-

369 3115 561 3216 “quentia
590 3115 792 3192 deserantur
820 3121 933 3216 signa5
972 3143 1089 3216 neque
1121 3117 1353 3193 conveniatur

369 3239 459 3312 “ad
489 3237 662 3326 edistum,
688 3263 754 3311 nec
785 3235 1014 3324 discernatur,
1048 3236 1202 3312 interdiu
1231 3241 1351 3326 nodie,

369 3368 527 3457 “aequo
560 3356 687 3455 iniquo
712 3357 806 3444 loco,
843 3357 938 3452 jussu
969 3356 1097 3452 injussu
1130 3356 1351 3456 imperatoris

369 3486 395 3518 “
413 3497 593 3574 pugnent,
626 3481 660 3552 dc
688 3502 760 3551 non
784 3480 891 3576 figna,
917 3502 992 3550 non
1024 3475 1166 3551 ordines
1194 3475 1349 3564 servent,

302 3679 304 3684 ,
370 3595 587 3670 “latrocinii
612 3597 723 3670 modo
740 3600 894 3671 caeca&
914 3593 1071 3684 fortuita,
1105 3622 1170 3694 pro
1187 3594 1349 3670 sollemni

302 3797 306 3804 ,
370 3726 395 3760 “
414 3719 448 3788 &
466 3713 594 3789 sacrata
609 3715 737 3790 militia
751 3719 801 3790 lit.
850 3717 998 3790 Horum
1012 3715 1206 3790 criminum
1221 3743 1283 3791 vos
1297 3743 1351 3790 re-

371 3845 396 3879 “
413 3861 453 3908 os
470 3833 508 3908 in
524 3833 645 3909 omnia
664 3833 779 3909 secula
797 3834 945 3924 obserte,
971 3835 1105 3911 tribuni
1128 3836 1241 3935 plebis
1275 3835 1351 3910 ves-

370 3965 395 3999 “
415 3975 466 4028 tra
491 3953 647 4031 obnoxia
672 3954 786 4054 capita
805 3981 870 4056 pro
894 3955 1039 4032 licentia
1064 3961 1122 4058 Q
1138 3955 1242 4032 Fabii
1259 3954 1351 4055 obji-

371 4087 396 4121 “
415 4076 518 4152 cite.''
