3067 5342
381 658 427 732 16
722 653 1035 728 T.Lrvrr

379 841 405 876 “
423 834 471 918 δι,
506 826 697 904 dulcedine
722 826 900 926 potestatis
929 827 1004 922 ej'us
1034 825 1139 924 capti,
1175 825 1357 924 quaelibet
1520 824 1521 827 ’

379 960 404 994 “
422 948 488 1022 sub
504 946 683 1023 eascelera
697 949 801 1022 latere
823 945 941 1020 finitis.
992 945 1192 1043 Reliquum
1210 946 1273 1035 est,
1297 967 1358 1035 ut,
1520 940 1521 943 '

377 1077 403 1112 “
422 1088 512 1165 quae
525 1066 584 1141 hie
603 1063 853 1153 vociferantur,
879 1066 1002 1140 eadem
1019 1065 1058 1138 in
1070 1058 1186 1139 castris
1200 1070 1235 1139 a
1257 1067 1357 1164 apud

378 1197 403 1230 “
422 1185 552 1260 milites
569 1207 686 1286 agant,
714 1190 748 1260 δι
774 1183 949 1259 exercitus
966 1206 1215 1282 conrumpant,
1249 1184 1354 1260 duci-

377 1303 557 1404 “busque
583 1331 701 1402 parere
726 1331 799 1380 non
818 1304 1013 1402 patiantur:
1045 1303 1217 1402 quoniam
1234 1331 1275 1377 ea
1291 1304 1354 1377 de·

377 1435 524 1500 “mum
552 1428 692 1500 Romae
715 1424 857 1500 libertas
884 1425 946 1513 est,
979 1450 1052 1498 non
1080 1424 1252 1511 senatum,
1279 1449 1354 1498 non
1398 1406 1403 1412 ’

377 1553 403 1589 “
421 1543 655 1644 magistratus,
690 1569 764 1618 non
789 1546 898 1644 leges,
929 1570 1001 1618 non
1024 1569 1139 1618 mores
1163 1545 1352 1640 majorum,

377 1675 495 1738 “non
525 1662 684 1738 instituta
711 1683 867 1762 patrum,
899 1689 972 1738 non
996 1663 1220 1762 disciplinam
1241 1661 1353 1738 vereri

375 1794 402 1828 “
420 1783 601 1858 militiae.’'
1299 1779 1306 1790 ’

425 1903 507 1976 VII.
538 1905 605 1977 Par
614 1905 690 2000 jam
707 1903 814 1978 etiam
831 1902 870 1976 in
894 1903 1132 1980 concionibus
1148 1924 1221 1978 erat
1235 1899 1351 2000 Appi·

375 2050 419 2097 us
442 2021 594 2096 tribunis
615 2021 753 2119 plebis3
789 2047 906 2121 quum
923 2022 1054 2113 subito,
1081 2025 1180 2097 unde
1200 2021 1351 2096 minime

376 2141 457 2240 quis
485 2142 653 2230 crederet,
680 2163 826 2240 accepta
855 2143 1033 2218 calamitas
1058 2144 1155 2240 apud
1179 2143 1284 2238 Vejos
1315 2145 1351 2216 dt

375 2259 589 2359 superiorem
622 2261 788 2358 Appium
822 2261 859 2334 in
892 2264 1019 2350 cauffa,
1052 2265 1087 2334 δι
1121 2260 1351 2336 concordiam

375 2379 545 2454 ordinum
587 2381 755 2476 majorem
793 2381 1027 2478 ardoremque
1060 2382 1107 2454 ad
1139 2382 1350 2456 obfidendos

374 2498 587 2598 pertinacius
604 2500 708 2596 Vejos
738 2498 832 2574 fecit.
882 2503 979 2574 Nam
1006 2524 1122 2596 quum
1147 2527 1253 2600 agger
1269 2527 1349 2599 pro·

375 2641 499 2716 motus
525 2621 571 2693 ad
604 2621 744 2708 urbem,
777 2619 973 2716 vineaeque
1006 2639 1145 2693 tantum
1172 2645 1245 2694 non
1272 2622 1348 2716 jam

374 2739 551 2836 injunfiae
579 2738 770 2814 moenibus
803 2741 923 2825 ersom,
949 2739 1041 2812 dum
1062 2764 1169 2836 opera
1193 2738 1347 2813 interdiu

376 2859 468 2932 fiunt
494 2857 675 2946 intentius,
703 2882 813 2956 quam
840 2861 943 2932 nodie
961 2857 1223 2947 custodiuntur,
1252 2881 1348 2957 pate-

374 2975 466 3052 faeta
491 2999 632 3075 repente
661 2998 775 3076 porta,
800 2977 925 3077 ingens
958 2978 1168 3066 multitudo,
1211 2978 1349 3086 facibus

255 3105 257 3112 ⁴
374 3095 530 3172 maxime
555 3119 698 3185 armata,
730 3097 829 3196 ignes
858 3096 1031 3193 conjecit:
1059 3101 1237 3196 horaeque
1269 3126 1346 3174 mo-

374 3237 496 3290 mento
510 3218 611 3289 fimul
638 3241 802 3315 aggerem
827 3243 868 3291 ac
882 3215 1013 3305 vineas,
1046 3238 1119 3292 tam
1136 3218 1234 3316 longi
1259 3237 1347 3292 tem·

373 3333 467 3431 poris
484 3360 587 3431 opus,
617 3334 825 3410 incendium
839 3338 966 3409 haufit:
994 3338 1173 3436 multique
1189 3337 1240 3412 ibi
1253 3365 1347 3412 mor·

373 3453 458 3527 tales
481 3451 726 3550 nequidquam
753 3480 859 3552 opem
891 3454 1051 3545 ferentes,
1078 3455 1169 3531 ferro
1198 3457 1347 3556 ignique

372 3569 524 3646 absumti
538 3570 628 3645 sunt.
678 3574 790 3672 Qrod
802 3573 868 3648 ubi
884 3578 1042 3650 Romam
1055 3575 1105 3650 est
1122 3576 1346 3665 nunciatum,

372 3690 582 3766 moestitiam
610 3691 792 3780 omnibus,
822 3691 955 3767 senatui
985 3719 1107 3769 curam
1136 3718 1347 3796 metumque

372 3810 505 3908 injecit,
537 3837 581 3886 ne
609 3832 687 3885 turn
707 3838 791 3886 vero
806 3811 965 3888 sustineri
993 3814 1117 3890 necin
1142 3820 1231 3891 urbe
1257 3815 1349 3890 sedi·

371 3930 437 4018 tio,
463 3956 528 4005 nec
546 3929 583 4004 in
601 3929 716 4006 castris
742 3933 866 4030 poffet,
897 3937 931 4007 δι
960 3933 1095 4008 tribuni
1111 3934 1226 4032 plebis
1248 3937 1348 4010 velut

372 4051 417 4124 ab
450 4045 483 4124 se
509 4047 621 4126 vidiae
655 4049 870 4151 reipublicae
896 4050 1116 4129 insultarent:
1150 4080 1266 4153 quum
1294 4081 1346 4131 re·
