3067 5342
535 681 865 756 LauenV.
1154 709 1199 782 23

219 875 329 952 quant
347 854 499 930 obtineri
525 883 598 938 non
621 876 770 954 poterat,
804 873 923 926 tamen
940 851 1200 927 labefaciandae

218 974 306 1074 legis
331 977 533 1051 Treboniae
561 980 676 1052 caussa
703 978 869 1050 effectum
895 975 958 1061 est,
987 997 1031 1048 ut
1056 999 1199 1071 coopta-

220 1116 339 1169 rentur
355 1095 490 1172 tribuni
508 1098 621 1196 plebis
644 1101 686 1171 C.
714 1096 935 1171 Lacerius&
954 1097 1012 1169 Μ.
1031 1095 1199 1184 Acutius,

219 1217 315 1290 haud
333 1215 444 1291 dubie
462 1218 692 1316 patriciorum
708 1218 849 1315 opibus.

270 1338 335 1412 XI.
363 1339 449 1411 Fors
474 1337 523 1412 ita
546 1339 640 1427 tulit,
673 1359 714 1411 ut
737 1365 780 1412 eo
797 1364 890 1411 anno
905 1335 1069 1411 tribunus
1086 1337 1199 1435 plebis

219 1457 288 1530 Cn.
305 1458 509 1532 Trebonius
536 1462 630 1548 esset,
657 1459 721 1558 qui
748 1458 886 1533 nomini
910 1485 950 1533 ac
968 1456 1119 1532 familiae
1137 1459 1199 1531 de·

221 1576 340 1650 bitum
366 1579 533 1675 praestare
556 1580 733 1653 videretur
749 1578 951 1654 Treboniae
974 1578 1062 1678 legis
1084 1601 1200 1676 patro·

219 1697 369 1772 cittium.
420 1704 466 1788 Is,
511 1711 536 1744 “
568 1703 668 1799 quod
697 1700 859 1798 petissent
887 1704 1005 1774 Patres
1038 1698 1201 1798 quidam,

221 1831 247 1864 “
266 1819 383 1918 primo
400 1820 542 1918 incepto
560 1823 696 1919 repulsr,
724 1842 843 1894 tamen
860 1821 1022 1895 tribunos
1040 1819 1200 1892 militum

221 1949 247 1984 “
266 1943 516 2040 expugnasse,''
546 1941 753 2029 vociferans,
791 1953 816 1984 “
847 1943 964 2040 legem
981 1938 1201 2014 Treboniam

221 2072 247 2104 “
267 2060 451 2149 sublatam,
478 2067 512 2136 ὅτ
530 2086 712 2161 cooptatos
726 2063 887 2138 tribunos
909 2061 1024 2160 plebis
1041 2087 1114 2133 non
1130 2059 1200 2134 sus-

222 2183 385 2282 “fragiis
408 2184 546 2282 populi,
572 2183 633 2257 sed
651 2183 800 2282 imperio
823 2181 1051 2280 patriciorum
1059 2216 1071 2269 ς
1098 2187 1132 2256 δι
1157 2209 1202 2256 eo

222 2304 398 2378 “revolvi
429 2331 516 2392 rem,
547 2327 588 2377 ut
612 2327 672 2378 aut
698 2303 850 2402 patricii,
885 2325 946 2378 aut
970 2301 1200 2402 patriciorum

223 2424 421 2500 “adseclae
449 2425 605 2500 habendi
632 2413 766 2498 tribuni
794 2421 907 2521 plebis
936 2427 1017 2496 sint:
1046 2423 1134 2520 eripi
1153 2423 1200 2498 sa-

222 2558 248 2590 “
268 2567 377 2620 cratas
409 2548 517 2644 leges,
557 2543 757 2643 extorqueri
791 2542 1021 2619 tribuniciam
1054 2543 1202 2641 potesta-

223 2676 249 2710 “
269 2689 358 2740 tem:
393 2665 433 2740 id
449 2665 572 2741 fraude
592 2663 834 2762 patriciorum,
864 2663 990 2738 scelere
1016 2689 1057 2737 ac
1080 2663 1200 2761 prodi-

223 2787 364 2862 “tione
407 2789 622 2886 collegarum
653 2785 811 2859 faetum’
851 2809 1008 2882 arguere.
1074 2788 1203 2884 Qum

224 2911 385 2982 arderent
415 2905 564 2995 invidia,
599 2932 672 2978 non
699 2909 818 2979 Patres
848 2905 972 2990 modo,
1003 2901 1064 2976 sed
1096 2901 1204 2978 etiam

225 3028 361 3102 tribuni
387 3029 513 3126 plebis,
540 3025 696 3124 cooptati
714 3025 853 3124 pariter,
884 3029 918 3097 δι
937 3022 1001 3120 qui
1019 3045 1205 3120 cooptave-

213 3169 322 3248 ,rant;
349 3172 427 3222 tum
444 3175 489 3222 ex
505 3147 657 3246 collegio
675 3169 755 3234 tres,
782 3150 823 3220 P.
837 3144 1030 3231 Curiatius,
1049 3146 1106 3218 M.
1121 3147 1205 3218 Me-

219 3253 337 3357 iilius,
370 3273 403 3342 δι
433 3271 491 3342 Μ.
521 3267 724 3356 Minucius,
759 3265 888 3365 trepidi
914 3292 1031 3338 rerum
1051 3263 1205 3352 suarum,

227 3388 265 3464 in
282 3388 445 3488 Sergium
466 3388 757 3488 Virginiumque,
783 3387 907 3485 prioris
932 3385 1016 3460 anni
1046 3385 1207 3460 tribunos

228 3509 409 3597 militares,
443 3509 644 3583 incurrunt:
680 3509 718 3582 in
750 3535 810 3583 eos
843 3512 888 3583 ab
917 3505 1064 3580 sciram
1094 3506 1208 3603 plebis

227 3629 487 3728 invidiamque,
527 3630 585 3704 die
619 3629 726 3716 dista,
773 3651 945 3703 avertunt.
1007 3638 1031 3676 ‘⁴
1062 3626 1208 3728 Qribus

229 3762 256 3852 ‘f
274 3753 445 3838 delestus,
493 3749 625 3848 quibus
667 3749 857 3836 tributum,
902 3748 1035 3846 quibus
1068 3745 1210 3820 diutina

229 3871 404 3945 “militia
435 3869 746 3971 longinquitasque
778 3868 865 3945 belli
898 3873 937 3943 srt
969 3866 1096 3967 gravis,
1143 3865 1209 3963 qui

230 3992 377 4066 “clade
402 4013 547 4088 accepta
572 3993 617 4066 ad
642 3991 747 4086 Vejos
764 3991 920 4077 doleant,
946 3988 1010 4085 qui
1026 3984 1152 4060 arnissis
1168 3987 1210 4060 li-

230 4123 255 4160 “
275 4112 381 4201 beris,
424 4109 600 4198 fratribus,
637 4109 862 4208 propinquis,
889 4107 1082 4196 adfinibus,
1108 4109 1213 4206 lugu·
