3067 5342
533 598 764 675 errn
817 603 897 675 Vll.
1143 630 1212 708 247

230 794 271 849 tu
301 773 452 873 angusto
485 771 576 847 inter
605 801 699 848 mare
723 800 764 850 ac
794 793 935 849 montes
957 771 1130 864 consedit,
1164 778 1212 852 ad

228 893 474 993 excipiendos,
505 920 597 992 quos
613 891 734 968 consul
749 892 825 968 aliis
842 916 948 991 atque
958 891 1033 968 aliis
1059 899 1116 993 (ut
1127 917 1206 970 ante

228 1013 369 1089 didum
386 1012 451 1107 est)
484 1015 605 1088 cauffis
621 1013 794 1090 mittebat.
844 1015 926 1110 Jam
942 1013 1058 1088 valida
1083 1016 1205 1089 admo-

226 1133 321 1220 dum
334 1159 483 1208 numero
500 1159 625 1207 manus
642 1155 731 1221 erat;
762 1159 829 1208 nec
846 1133 1046 1232 quidquam
1063 1136 1108 1208 ad
1118 1133 1205 1230 justi

226 1252 402 1328 exercitus
434 1251 597 1342 formam,
631 1274 765 1352 praeter
794 1255 939 1341 ducem,
970 1255 1098 1329 deerat.
1147 1257 1206 1329 In·

226 1373 410 1471 compositi
437 1372 556 1471 itaque
579 1375 784 1470 praedantes
809 1373 846 1446 in
871 1399 996 1473 agrum
1023 1377 1206 1450 Albanum

224 1493 450 1595 perveniunt,
474 1497 508 1567 δι
529 1492 594 1568 sub
607 1495 699 1594 jugo
714 1495 829 1568 Albae
846 1496 972 1592 longae
988 1493 1096 1568 castra
1111 1497 1205 1570 vallo

224 1615 387 1714 cingunt.
436 1604 597 1687 Perfecto
619 1613 703 1688 inde
726 1639 845 1712 opere,
872 1613 1050 1712 reliquum
1068 1612 1140 1687 diei
1158 1615 1203 1690 de

224 1735 433 1833 imperatore
467 1731 639 1807 sumendo
672 1717 851 1807 sententiis
884 1733 1077 1822 decertant,
1114 1735 1203 1810 nulli

224 1880 270 1928 ex
285 1852 523 1952 praesentibus
540 1851 617 1927 satis
634 1853 794 1927 fidentes.
844 1864 869 1896 “
888 1858 1008 1954 Qrem
1022 1859 1203 1933 autem'ab

224 1977 388 2048 “Roma
413 1974 506 2071 polle
532 1971 664 2047 exciri?
694 1997 804 2070 quem
831 1975 976 2047 Patrum
1002 1995 1064 2048 aut
1088 1977 1202 2074 plebis

223 2101 248 2137 “
266 2095 346 2181 elie,
378 2092 443 2189 qui
465 2075 528 2187 aut
553 2091 586 2166 se
613 2115 711 2167 tanto
736 2091 895 2191 periculo
921 2092 1030 2169 sciens
1052 2096 1200 2187 obferat‚

222 2223 326 2288 “aut
352 2211 413 2286 cui
440 2239 484 2286 ex
510 2211 637 2309 injuria
662 2210 862 2288 insanientis
887 2214 1060 2290 exercitus
1087 2221 1202 2294 cauffa

221 2341 247 2376 ‘⁶
263 2335 356 2406 redte
373 2329 616 2406 committatur
624 2334 661 2406 ?''
687 2332 830 2407 Postero
847 2333 918 2423 die,
945 2360 1060 2432 quum
1075 2340 1201 2414 eadem

220 2449 427 2527 deliberatio
456 2471 601 2538 teneret,
633 2477 678 2524 ex
703 2451 967 2548 praedatoribus
992 2455 1089 2553 vagis
1119 2457 1199 2555 qui-

218 2573 302 2646 dam
331 2591 555 2669 compertum
583 2571 800 2658 adtulerunt,
837 2574 885 2645 T.
915 2570 1130 2672 Qrintftium
1160 2575 1198 2650 in

218 2690 425 2768 Tusculano
446 2716 572 2790 agrum
594 2692 720 2777 colere,
750 2689 847 2764 urbis
871 2692 1120 2791 honorumque
1144 2695 1200 2768 in-

217 2837 425 2888 memorem.
475 2808 645 2884 Patriciae
677 2809 737 2884 hic
770 2810 824 2884 vir
857 2809 971 2909 gentis
1003 2833 1096 2885 erat:
1137 2811 1197 2888 cui

217 2958 334 3032 quum
355 2926 516 3018 militiae,
546 2956 675 3029 magna
700 2955 786 3004 cum
808 2931 919 3030 gloria
947 2933 1055 3019 actae,
1086 2933 1196 3006 finem

214 3077 278 3150 per
303 3055 389 3126 alter
414 3077 459 3126 ex
484 3053 629 3126 vulnere
655 3051 801 3124 claudus
828 3049 971 3139 fecilior,
997 3049 1066 3126 ruri
1095 3076 1196 3150 agere

213 3172 324 3246 vitam
346 3173 472 3270 procul
495 3168 690 3245 ambitione
710 3198 750 3245 ac
774 3169 851 3245 foro
873 3171 1089 3246 constimit.'
1116 3173 1194 3246 No·

214 3290 312 3368 mine
350 3290 487 3378 audito,
530 3293 710 3388 extemplo
751 3317 924 3390 agnovere
963 3290 1102 3365 virum:
1145 3295 1194 3380 dr,

214 3414 314 3511 quod
330 3414 422 3487 bene
438 3431 599 3498 verteret,
626 3409 736 3484 adciti
746 3410 931 3507 jullerunt.
980 3412 1050 3486 Sed
1069 3435 1195 3509 parurn

214 3531 287 3630 spei
314 3553 399 3620 erat,
426 3532 609 3606 voluntate
639 3528 841 3628 quidquam
871 3530 1059 3606 fadlutum.
1109 3531 1195 3607 Vim

212 3650 372 3726 adhiberi
387 3678 428 3726 ac
445 3672 582 3726 metum
599 3649 744 3750 placuit.
786 3652 910 3749 ltaque
927 3651 1061 3726 filentio
1078 3651 1191 3725 notris

214 3799 331 3874 quum
358 3775 492 3848 tedium
517 3769 634 3860 villae,
658 3769 722 3870 qui
747 3771 793 3844 ad
819 3769 858 3844 id
886 3771 973 3845 nriffi
996 3791 1105 3860 erant,
1137 3773 1191 3846 in-

214 3894 375 3981 traffaut3
410 3891 535 3968 somno
561 3917 705 3991 gravem
734 3888 950 3992 Qrindlium
979 3895 1192 3992 obpreffum,

215 4012 305 4088 nihil
336 4012 512 4101 medium,
554 4032 615 4094 aut
644 4009 836 4108 imperium
867 4031 973 4110 atque
1006 4017 1190 4104 honorem,
