3067 5342
524 638 852 712 LrnanV.
1164 663 1184 735 7

208 823 233 858 “
253 837 389 901 eorum,
413 813 451 886 in
468 812 598 912 quibus
612 813 701 888 vires
716 837 838 886 omnes
850 810 962 911 plebis
981 812 1102 899 client,
1126 807 1184 908 agi

207 934 297 1006 “de
320 931 519 1007 commodis
545 958 667 1006 eorum
692 935 812 1031 poffet.
862 932 989 1005 Vexari
1015 954 1186 1031 praeterea

208 1063 234 1096 “
253 1057 286 1127 δι
303 1050 419 1149 subigi
434 1053 549 1125 multo
564 1052 688 1140 acrius,
722 1079 832 1150 quam
847 1052 1019 1148 Vejentes.
1068 1050 1184 1152 Qrip

208 1182 295 1270 “pe
323 1171 400 1245 illos
428 1171 582 1246 hiemem
599 1171 663 1246 sub
686 1171 787 1245 tectis
809 1170 878 1246 suis
896 1199 1010 1270 agere,
1037 1169 1185 1270 egregiis

208 1302 233 1334 ‘⁴
251 1289 360 1365 muris
378 1294 512 1388 fituque
530 1291 675 1364 naturali
691 1295 817 1367 urbem
833 1311 1000 1366 tutantes:
1035 1289 1185 1363 militem

209 1413 461 1483 “Romanum
485 1409 523 1482 in
540 1436 696 1508 opereat
719 1413 849 1500 labore,
877 1411 1018 1485 nivibus
1039 1406 1185 1509 pruinis-

208 1540 322 1629 “que
349 1533 529 1618 obrutum,
557 1527 621 1604 sub
647 1531 797 1628 pellibus
828 1532 962 1620 durare,
992 1556 1035 1604 ne
1060 1528 1185 1602 hiemis

210 1649 402 1747 “quidem
435 1646 556 1746 spatio,
587 1676 676 1747 quae
708 1651 872 1725 omnium
898 1653 1071 1725 bellomm
1101 1670 1188 1722 terra

209 1780 235 1812 “
254 1769 410 1867 marique
444 1771 483 1840 fit
511 1768 624 1867 quies,
663 1795 757 1844 arma
791 1772 1037 1868 deponentem.
1099 1771 1186 1843 Hoc

210 1899 235 1931 “
254 1914 370 1986 neque
384 1913 495 1985 reges,
515 1915 631 1986 neque
647 1909 726 1962 ante
744 1889 968 1964 tribuniciam
983 1888 1187 1988 potestatem

210 2019 403 2082 “creatam
432 2007 595 2106 superbos
621 2008 699 2082 illos
732 2007 902 2098 consules,
943 2035 1059 2107 neque
1093 2006 1186 2081 triste

211 2126 432 2200 “dictatoris
459 2125 660 2224 imperium,
685 2154 801 2226 neque
822 2127 1027 2226 inportunos
1046 2129 1187 2201 decem-

209 2257 234 2290 “
254 2245 344 2320 viros
369 2245 553 2343 injunxiffe
573 2246 756 2334 servitutis,
786 2270 828 2320 ut
850 2274 1039 2345 perennem
1064 2245 1187 2320 militi-

209 2377 234 2410 “
252 2393 310 2440 am
344 2365 509 2453 facerent,
539 2368 639 2464 quod
671 2365 803 2440 tribuni
833 2366 989 2440 militum
1019 2367 1057 2440 in
1085 2368 1187 2465 plebe

209 2487 418 2558 “Romana
455 2511 604 2584 regnum
642 2508 850 2560 exercerent.
914 2485 1099 2587 Qridnam
1136 2484 1188 2559 illi

209 2615 234 2648 “
255 2603 413 2680 consules
447 2603 670 2678 diotatoresve
708 2605 832 2678 facturi
857 2607 976 2692 essent,
1020 2606 1083 2704 qui
1109 2631 1187 2703 pro·

209 2735 235 2770 “
253 2723 469 2799 consularem
483 2723 674 2822 imaginem
690 2743 761 2798 tam
785 2723 917 2797 saevam
931 2749 970 2797 ac
987 2745 1123 2800 trucem
1138 2724 1187 2799 fe-

209 2855 235 2888 “
254 2842 393 2918 corint?
443 2844 512 2916 Sed
529 2843 568 2915 id
584 2841 740 2917 accidere
758 2843 853 2915 haud
877 2841 1049 2917 inmerito.
1100 2847 1187 2917 Non

209 2973 234 3006 “
253 2961 352 3036 fuiffe
368 2987 411 3034 ne
423 2961 460 3034 in
470 2963 551 3035 octo
568 2959 716 3059 quidem
732 2961 880 3035 tribunis
902 2961 1189 3037 milimmlocum

209 3092 235 3125 “
253 3080 318 3155 ulli
335 3082 483 3178 plebejo.
533 3084 650 3154 Antea
663 3080 752 3154 trina
773 3083 850 3154 loca
866 3107 949 3154 cum
963 3082 1188 3155 contentione

211 3212 237 3244 “
255 3198 390 3274 summa
406 3199 566 3297 patricios
583 3201 720 3297 explere
736 3200 869 3274 solitos:
901 3227 997 3275 nunc
1007 3202 1082 3296 jam
1091 3203 1188 3274 οᾶο-

211 3319 352 3416 “juges
371 3321 417 3392 ad
436 3319 582 3417 imperia
606 3319 800 3394 obtinenda
814 3317 883 3407 ire3
910 3323 944 3394 δι
970 3346 1014 3393 ne
1031 3319 1070 3394 in
1088 3323 1191 3394 turba

210 3437 403 3536 “quidem
428 3439 757 3537 haerereplebejum
785 3464 1020 3538 quemquam:
1054 3439 1132 3537 qui,
1165 3442 1190 3512 sa

210 3569 236 3603 “
255 3558 345 3632 nihil
359 3558 469 3646 aliud,
492 3561 679 3632 admoneat
692 3561 842 3658 collegas
849 3592 861 3646 ;
884 3559 1024 3646 liberos,
1045 3557 1189 3633 &cives

211 3690 237 3722 “
256 3703 394 3765 eorum,
418 3695 496 3751 'non
523 3675 647 3766 servos,
677 3678 838 3767 militare,
871 3705 962 3777 quos
985 3678 1102 3751 hieme
1129 3675 1191 3748 sal·

210 3810 330 3872 “tem
358 3798 395 3870 in
416 3798 541 3870 domos
563 3823 602 3871 ac
626 3799 717 3872 tecta
740 3798 863 3872 reduci
882 3817 1054 3895 oporteat:
1081 3796 1190 3870 &ali-

211 3929 331 4015 “quo
361 3939 517 4014 tempore
539 3917 622 3990 anni
644 3937 801 4014 parentes
824 3917 1019 4015 liberosque
1044 3943 1084 3990 ac
1107 3941 1191 3991 con-

213 4050 237 4084 “
252 4041 355 4138 juges
370 4036 527 4126 invisere,
555 4041 590 4111 δι
614 4035 775 4135 usurpare
791 4035 1002 4126 libertatem,
1032 4039 1068 4111 δι
1081 4061 1193 4112 creare
