3067 5342
364 677 413 746 40
711 651 1028 725 T.Lrvtt

372 837 398 871 “
417 823 597 902 subcurri:
617 829 649 900 δι
667 823 793 900 sentire
803 828 952 924 praedae
962 823 1121 899 fructum
1132 847 1177 898 ex
1190 824 1354 910 eobello,

370 946 554 1046 “inquo
581 972 691 1045 prope
718 944 977 1020 consenuerint
1027 943 1173 1019 Gratius
1207 943 1248 1018 id
1278 941 1355 1018 fore

368 1075 395 1110 “
412 1064 619 1164 laetiusque,
631 1068 731 1164 quod
742 1064 893 1164 quisque
907 1064 968 1141 sua
979 1091 1089 1138 manu
1101 1091 1146 1141 ex
1160 1063 1259 1138 hoste
1270 1089 1354 1163 cap-

370 1197 492 1262 “tum
515 1188 668 1260 domum
690 1185 860 1274 retulerit,
883 1211 994 1284 quam
1019 1188 1042 1258 fi
1063 1183 1254 1283 multiplex
1270 1185 1356 1258 alte-

371 1317 397 1351 “
415 1305 486 1382 rius
503 1305 647 1380 arbitrio
657 1305 819 1403 accipiat.
868 1305 990 1405 Ipsum
1007 1304 1216 1380 didatorem
1230 1302 1356 1402 fugere

372 1423 590 1500 “invidiam
613 1451 658 1500 ex
681 1453 724 1500 eo
747 1425 980 1526 criminaque.
1037 1429 1094 1500 Eo
1113 1425 1284 1523 delegaffe
1306 1425 1357 1496 ad

371 1557 397 1592 “
415 1545 584 1620 senatum.
623 1548 792 1620 Senatum
807 1570 954 1644 quoque
964 1546 1094 1621 debere
1104 1546 1268 1642 rejectam
1278 1569 1355 1617 tem

372 1668 460 1740 “ad
487 1665 520 1740 se
545 1665 746 1764 permittere
777 1664 887 1764 plebi,
916 1693 957 1740 ac
982 1664 1055 1762 pati
1077 1668 1219 1751 habere,
1251 1665 1356 1762 quod

371 1797 396 1832 “
423 1786 556 1885 cuique
585 1783 656 1860 fors
682 1785 766 1860 belli
793 1784 965 1860 dederie”
1014 1787 1119 1859 Haec
1141 1782 1254 1858 tutior
1281 1779 1355 1857 visa

370 1905 539 1980 sententia
565 1905 627 1993 est,
666 1931 756 2004 quae
784 1907 993 2003 popularem
1022 1903 1181 1978 senatum
1211 1902 1354 1978 faceret.

371 2025 544 2101 Edictum
567 2023 687 2124 itaque
709 2025 771 2112 est,
792 2027 839 2098 ad
860 2026 1028 2123 praedam
1052 2025 1251 2121 Vejentem,
1271 2023 1353 2121 qui·

370 2148 437 2220 bus
456 2145 647 2232 videretur,
678 2144 716 2217 in
749 2145 858 2220 castra
888 2146 936 2219 ad
960 2143 1169 2219 dictatorem
1196 2142 1352 2242 proficis·

373 2287 546 2342 ceremur.

419 2387 523 2459 XXI.
548 2387 678 2484 Ingens
689 2383 846 2485 profecta
861 2383 1059 2461 multitudo
1071 2385 1219 2484 replevit
1232 2385 1353 2460 castra.

376 2505 477 2578 Tum
491 2503 654 2594 dictator,
671 2505 850 2604 auspicato
865 2509 1028 2605 egreffus,
1047 2533 1164 2606 quum
1176 2506 1353 2596 edixiffet,

370 2647 413 2700 ut
428 2653 524 2700 arma
540 2624 669 2700 milites
687 2648 863 2724 caperent,
895 2637 920 2670 ‘⁴
939 2629 1025 2700 Tuo
1043 2628 1194 2715 ductu?
1218 2626 1352 2726 inquit,

371 2755 396 2790 “
415 2747 563 2845 Pythice
582 2749 728 2846 Apollo,
752 2767 888 2844 tuoque
905 2745 1053 2820 numine
1070 2745 1257 2822 instinctus
1274 2775 1353 2845 pet-

371 2877 463 2966 “go
489 2869 535 2941 ad
564 2869 752 2942 delendam
786 2871 913 2941 urbem
943 2867 1066 2964 Vejos:
1099 2865 1240 2965 tibique
1265 2867 1354 2942 hinc

371 2989 606 3062 “decumam
635 3009 771 3085 partem
801 2987 949 3085 praedae
978 3013 1104 3062 voveo.
1155 2991 1211 3062 Te
1235 2991 1352 3076 limul,

370 3117 395 3150 ‘⁶
414 3109 512 3202 Juno
534 3107 690 3208 Regina,
725 3133 817 3206 quae
835 3131 934 3181 nunc
957 3108 1063 3204 Vejos
1083 3107 1184 3196 colis,
1211 3134 1350 3207 precor,

369 3236 395 3270 “
413 3247 455 3300 ut
471 3254 534 3301 nos
550 3227 698 3302 victores
713 3227 751 3300 in
768 3227 933 3315 nostram,
958 3247 1130 3326 tuamque
1147 3253 1235 3302 mox
1251 3226 1350 3302 futu-

370 3356 396 3389 “
415 3373 502 3435 ram,
515 3350 643 3422 urbem
654 3346 813 3443 sequaret
827 3346 893 3422 ubi
904 3369 938 3422 te
949 3347 1103 3447 dignum
1113 3347 1352 3447 amplitudine

371 3475 397 3509 ‘⁶
414 3484 476 3538 tua
493 3468 669 3562 templum
688 3465 873 3565 accipiat.’'
922 3469 1026 3542 Haec
1049 3490 1224 3566 precatus,
1247 3467 1351 3567 supe·

368 3606 465 3668 rante
482 3585 727 3674 multitudine,
744 3591 790 3661 ab
803 3586 972 3662 omnibus
983 3587 1072 3662 locis
1084 3591 1211 3664 urbem
1225 3591 1351 3689 adgre-

369 3705 479 3795 ditur,
510 3732 585 3803 quo
604 3706 722 3780 minor
737 3710 783 3781 ab
803 3706 973 3782 cuniculo
990 3707 1187 3807 ingruentis
1202 3709 1356 3808 periculi

369 3825 484 3902 sensus
499 3829 592 3901 esset.
616 3827 793 3923 Vejentes,
808 3826 920 3927 ignati
930 3827 963 3900 se
974 3829 1050 3924 jam
1059 3831 1105 3904 ab
1115 3827 1185 3904 suis
1193 3828 1350 3919 vatibus,

361 3948 437 4044 jam
456 3950 502 4021 ab
521 3947 674 4023 externis
694 3947 844 4022 oraculis
865 3947 1038 4046 proditos,
1055 3949 1132 4047 jam
1154 3949 1194 4024 in
1212 3971 1351 4047 partem

367 4069 515 4167 praedae
537 4065 617 4143 suae
638 4089 781 4144 vocatos
804 4070 915 4156 Deos,
946 4067 1047 4158 alios,
1079 4069 1171 4146 votis
1192 4095 1238 4145 ex
1258 4073 1350 4146 urbe
