3067 5342
402 639 452 730 64
737 635 1053 712 T.L1v11

401 829 518 912 cogat,
546 813 697 887 tuendos
719 813 799 888 effe.
847 812 919 886 Sed
937 809 1065 886 melius
1091 799 1219 897 visum,
1246 808 1384 885 bellum

402 931 516 1030 ipsum
532 931 699 1022 amoveri,
724 935 748 1007 fi
770 934 898 1032 pollet3
933 937 968 1006 ἃ
986 933 1120 1021 Gallos,
1147 957 1276 1005 novam
1296 957 1383 1030 gen-

402 1074 487 1140 tem,
521 1077 605 1152 pace
623 1051 741 1151 potius
758 1051 938 1151 cognosci,
958 1079 1067 1150 quam
1079 1052 1194 1127 armis.

452 1175 628 1248 XXXVI.
654 1171 759 1246 Mitis
778 1171 922 1272 legatio,
945 1173 983 1246 ni
1007 1171 1220 1271 praeferoces
1235 1173 1383 1270 legatos,

401 1291 583 1392 Gallisque
596 1293 707 1394 magis
720 1319 829 1392 quam
844 1291 1017 1367 Romanis
1033 1291 1171 1379 ssmiles,
1201 1291 1384 1368 habuilset.

400 1413 557 1516 Qribus,
581 1413 767 1512 postquam
787 1415 952 1488 mandata
973 1411 1162 1486 ediderunt
1177 1411 1215 1486 in
1228 1413 1385 1488 concilio

401 1535 600 1622 Gallorum,
627 1535 730 1608 datur
758 1532 977 1632 responsum:
1006 1542 1032 1576 “
1055 1535 1127 1606 Etfi
1154 1557 1292 1608 novum
1318 1559 1384 1607 no·

401 1665 426 1698 “
443 1679 526 1728 men
541 1653 686 1728 audiant
703 1657 965 1742 Romanorum,
992 1675 1111 1727 tamen
1128 1656 1269 1728 credere
1290 1650 1385 1726 viros

396 1784 426 1862 ,“
445 1773 549 1848 fortes
579 1776 658 1864 else,
685 1800 840 1873 quorum
869 1773 1044 1848 auxilium
1067 1799 1089 1846 a
1114 1772 1263 1848 Clusrnis
1285 1773 1325 1848 in
1346 1800 1384 1848 re

401 1905 426 1938 “
445 1893 581 1992 trepida
595 1897 634 1968 srr
650 1894 876 1993 inploratum.
927 1897 989 1981 Et,
1017 1891 1188 1992 quoniam
1208 1879 1384 1992 legatione

400 2025 426 2059 “
444 2014 604 2089 adversus
621 2014 655 2089 se
677 2013 876 2102 maluerint,
905 2041 1013 2113 quam
1036 2014 1153 2104 armis,
1187 2014 1277 2089 tueri
1295 2013 1383 2089 soci-

401 2144 426 2178 “
445 2161 497 2222 os,
528 2161 573 2209 ne
596 2132 629 2209 se
658 2135 807 2234 quidem
837 2161 974 2233 pacem,
1006 2161 1114 2234 quam
1138 2134 1190 2210 illi
1209 2134 1382 2224 adferant,

400 2265 425 2298 “
444 2252 652 2351 adspernari,
685 2255 848 2342 srGallis,
879 2254 1066 2356 egentibus
1081 2281 1179 2354 agr0‚
1207 2282 1318 2355 quem
1334 2257 1383 2328 la·

400 2385 425 2418 “
444 2373 513 2448 tius
539 2375 743 2472 posfideant,
782 2400 890 2474 quam
913 2378 1042 2467 colant,
1069 2375 1216 2463 Clulini,
1246 2398 1382 2474 partem

400 2493 571 2568 “finium
595 2496 812 2568 concedant:
851 2496 950 2570 aliter
973 2521 1098 2594 pacem
1121 2495 1284 2596 inpetrari
1308 2524 1382 2571 non

398 2625 424 2659 “
442 2617 547 2713 polle.
598 2617 646 2689 Et
662 2613 862 2713 responsum
885 2641 1003 2689 coram
1029 2617 1203 2692 Romanis
1224 2617 1381 2716 accipere

399 2747 425 2780 “
442 2737 553 2810 velle:
578 2741 627 2825 ἃ,
652 2739 675 2809 sr
709 2756 857 2836 negetur
878 2763 971 2836 ager,
1005 2762 1123 2812 coram
1148 2736 1274 2812 iisdem
1303 2741 1382 2811 Ro-

400 2865 426 2901 “
443 2855 556 2930 manis
586 2853 828 2943 dimicaturos,
858 2879 901 2930 ut
926 2857 1093 2932 nunciare
1124 2859 1275 2932 domum
1303 2855 1381 2956 pos-

400 2987 425 3021 “
444 2975 530 3066 sent,
567 2997 742 3077 quantum
767 2977 863 3051 Galli
892 2977 1021 3052 virtute
1053 3000 1185 3053 ceteros
1217 2980 1380 3053 mortales

399 3107 424 3142 “
442 3099 660 3196 praestarent.
710 3100 912 3201 Qiodnam
934 3098 974 3174 id
1000 3101 1060 3196 jus
1087 3101 1182 3187 effet,
1208 3123 1334 3197 agrum
1360 3123 1382 3170 a

399 3227 424 3261 “
442 3217 683 3316 polsefforibus
710 3241 840 3316 petere,
863 3240 924 3293 aut
953 3219 1079 3294 minari
1106 3221 1252 3293 arma?'’
1302 3220 1380 3293 Ro-

398 3336 512 3410 manis
543 3337 808 3435 quaerentibus,
856 3344 904 3428 bt,
936 3350 961 3383 “
980 3340 1071 3440 quid
1100 3340 1138 3414 in
1167 3337 1307 3414 Etruria
1329 3336 1378 3412 rei

399 3466 424 3498 ‘⁴
444 3455 555 3530 Gallis
575 3458 703 3530 elset?'’
720 3483 835 3554 quum
853 3458 904 3533 illi
925 3470 950 3503 ‘⁶
966 3459 999 3534 se
1020 3458 1171 3534 inarmis
1181 3461 1240 3557 jus
1254 3458 1378 3547 ferre,'’

398 3579 432 3650 δι
458 3585 483 3618 “
501 3575 622 3650 omnia
636 3575 782 3652 fortium
801 3577 958 3653 virorum
981 3581 1082 3667 elle,''
1106 3578 1266 3655 ferociter
1282 3580 1378 3654 dice·

396 3716 487 3785 rent,
514 3699 662 3771 accensis
684 3697 866 3797 utrimque
891 3699 1018 3774 animis
1039 3703 1085 3776 ad
1106 3727 1201 3777 arma
1216 3698 1378 3775 discurri·

398 3837 468 3905 tur,
500 3816 734 3916 &proelium
761 3818 962 3895 conseritur.
1013 3821 1082 3911 lbi,
1105 3823 1182 3918 jam
1194 3821 1379 3921 urguenti-

397 3941 464 4012 bus
485 3939 687 4012 Romanam
707 3942 833 4013 urbem
850 3937 940 4029 fatis,
965 3941 1069 4039 legati
1086 3963 1207 4016 contra
1216 3943 1275 4038 jus
1292 3969 1378 4042 gen·

398 4056 490 4130 tium
521 4083 615 4132 anna
644 4057 799 4155 capiunt.
850 4063 931 4134 Nec
960 4057 999 4135 id
1025 4063 1120 4137 clam
1149 4064 1216 4137 effe
1246 4063 1378 4163 potuit,
