3067 5342
526 678 872 760 LrsenIX.
1103 687 1172 786 367

193 865 285 922 tores
314 847 441 942 refero)
484 852 625 926 nullane
661 855 746 927 haec
786 855 916 928 damna
944 847 1174 949 imperatoriis

193 965 385 1042 virtutibus
416 967 605 1043 ducimus?
646 973 690 1045 Id
728 997 812 1046 vero
850 971 1050 1070 periculum
1088 990 1173 1058 erat,

189 1089 294 1186 ‚quod
307 1086 465 1161 levissimi
480 1115 525 1162 ex
540 1089 697 1177 Graecis,
720 1089 784 1188 qui
799 1093 1010 1166 Parthorum
1027 1114 1175 1187 quoque

194 1227 317 1280 contra
332 1232 464 1281 nomen
480 1211 689 1283 Romanum
705 1209 835 1308 gloriae
852 1208 983 1298 favent,
1016 1208 1177 1283 dictitare

193 1325 318 1415 solent,
348 1353 394 1401 ne
423 1328 636 1425 majestatem
653 1328 809 1402 nominis
826 1327 1021 1402 Alexairdri
1048 1333 1175 1425 (quem

192 1473 239 1521 ne
255 1446 349 1522 fama
364 1447 514 1546 quidem
528 1447 597 1523 illis
613 1470 740 1524 notum
756 1448 905 1525 arbitror
921 1447 1036 1542 fuiffe)
1076 1445 1174 1521 susti·
1193 1491 1195 1496 ·

192 1593 276 1642 nere
293 1593 366 1641 non
381 1567 536 1666 potuerit
551 1570 706 1669 populus
724 1572 924 1657 Romanus,
943 1573 991 1656 δι,
1012 1564 1174 1640 adversus

196 1713 307 1786 quem
324 1687 490 1776 Athenis,
518 1688 556 1762 in
576 1688 717 1763 civitate
732 1687 839 1762 stadia
854 1689 1102 1764 Macedonum
1125 1713 1176 1761 ar·
1274 1777 1278 1785 ¹

194 1807 277 1894 mis,
294 1829 457 1882 cernente
473 1829 552 1881 tum
575 1807 729 1882 maxime
746 1833 855 1906 prope
880 1807 1055 1884 fumantes
1078 1810 1176 1882 The·

194 1931 321 2003 barum
337 1926 468 2015 ruinas,
489 1926 690 2002 concionari
707 1927 816 2001 libere
832 1930 903 2001 aufi
920 1931 983 2002 smt
999 1927 1175 2016 homines,

195 2046 251 2144 (id
274 2048 375 2145 quod
404 2073 449 2120 ex
474 2046 714 2128 monumentis
745 2045 945 2121 orationum
974 2049 1084 2144 patet)
1113 2051 1174 2122 ad·

193 2165 311 2241 versus
341 2193 425 2242 eum
440 2192 547 2240 nemo
563 2192 609 2238 ex
625 2187 677 2239 tot
694 2165 900 2264 proceribus
920 2166 1095 2240 Romanis
1115 2193 1176 2241 vo-

193 2313 274 2362 cem
298 2285 445 2361 liberam
468 2284 630 2360 missurus
657 2284 774 2359 fuerit.
824 2285 1057 2386 Qrantalibet
1076 2312 1175 2387 tnag-

194 2405 325 2481 nitudo
350 2403 506 2479 hominis
526 2404 746 2502 concipiatur
768 2403 903 2494 arrim0,
927 2405 1036 2482 unius
1059 2427 1176 2481 tamen

195 2553 236 2601 ea
261 2525 473 2624 magnitudo
495 2524 650 2599 hominis
676 2523 755 2613 erit,
779 2526 938 2600 conleda
963 2528 1083 2624 paullo
1099 2529 1178 2625 plus

194 2647 321 2720 decem
350 2669 526 2719 annorum
554 2643 736 2719 felicitate:
768 2670 877 2744 quarn
903 2645 967 2744 qui
996 2671 1040 2720 eo
1066 2650 1177 2721 extol-

195 2766 288 2853 lunt,
315 2767 416 2862 quod
448 2765 603 2863 populus
626 2766 828 2853 Romanus,
855 2769 912 2839 etsi
943 2768 1043 2840 nullo
1070 2769 1177 2856 bello,

195 2885 317 2959 multis
341 2905 458 2959 tamen
484 2883 625 2981 proeliis
646 2883 761 2957 vistus
785 2887 836 2972 srt,
867 2886 1072 2960 Alexandro
1100 2888 1177 2960 nu'l-

194 3004 265 3078 lius
280 3030 421 3103 pugnae
446 3029 521 3078 non
549 3001 704 3079 secunda
719 3002 861 3078 fortuna
876 3003 1000 3093 fuerit,
1033 3032 1106 3080 non
1123 3004 1176 3080 in·

196 3124 375 3225 telligunt,
406 3122 439 3197 se
456 3120 612 3196 hominis
627 3148 680 3196 res
696 3121 819 3221 gestas,
852 3128 886 3198 δι
920 3126 993 3221 ejus
1022 3125 1178 3221 juvenis,

195 3270 282 3320 cunr
296 3237 423 3343 populi
432 3243 508 3337 jam
525 3241 854 3341 obtingentefimum
872 3244 1031 3318 bellantis
1045 3269 1179 3319 annum

196 3367 302 3438 rebus
324 3360 493 3437 consenc.
542 3359 736 3449 Miremur,
754 3365 791 3448 fi,
808 3387 924 3459 quum
942 3389 986 3436 ex
1002 3366 1067 3438 hac
1083 3385 1179 3462 parte

195 3480 313 3557 secula
342 3483 444 3580 plura
475 3501 719 3569 numerentur,
752 3507 861 3580 quam
898 3507 943 3555 ex
981 3481 1041 3556 illa
1081 3484 1179 3574 anni,

195 3603 277 3700 plus
294 3600 332 3674 in
349 3621 421 3674 tam
438 3603 547 3700 longo
561 3598 684 3698 spatio,
705 3626 815 3698 quam
833 3599 870 3674 in
883 3622 993 3676 aetate
1008 3603 1181 3677 tredecim

194 3747 384 3809 annorum,
411 3719 553 3796 fortuna
567 3718 774 3794 variaverit?
823 3718 925 3822 Qrin
939 3745 941 3749 ·
955 3742 994 3794 tu
1024 3720 1180 3797 hominis

196 3864 282 3915 cum
298 3840 458 3928 homine,
485 3845 518 3913 δι
538 3838 641 3914 ducis
659 3865 745 3913 curn
761 3841 867 3927 duce,
897 3838 1076 3914 fortunam
1094 3868 1180 3916 cum

194 3959 336 4035 fortuna
361 3956 519 4035 confers?
570 3963 672 4058 Qrot
704 3961 889 4032 Romanos
919 3959 1027 4036 duces
1062 3961 1179 4036 nomi·

194 4099 292 4169 nem,
318 4081 451 4180 quibus
483 4104 686 4179 numquam
717 4077 858 4153 adversa
874 4077 1015 4154 fortuna
1038 4107 1182 4182 pugnae
