3067 5342
489 744 721 825 Lrnrn
778 745 840 824 VI.
1096 765 1161 842 115

163 912 354 1003 societatis,
386 918 474 993 fides
499 916 647 999 sanctior
676 939 760 1006 erat,
786 916 936 994 fascibus
960 914 1147 991 sarmento-

160 1060 247 1109 rum
269 1061 315 1109 ex
337 1062 421 1134 agro
445 1036 604 1125 conlatis,
635 1040 764 1112 dusius
786 1038 832 1110 ad
854 1034 996 1110 moenia
1011 1034 1143 1111 exerci-

161 1174 236 1241 tus,
266 1154 519 1254 completisque
546 1155 637 1231 soffis
667 1156 774 1231 scalae
800 1157 974 1244 admotae,
1009 1160 1043 1229 ὅτ
1073 1157 1143 1230 cla·
1253 1184 1254 1189 ¹

161 1299 264 1348 more
278 1273 393 1372 primo
413 1275 609 1374 inpetuque
622 1275 796 1374 oppidum
814 1260 965 1373 capitur.¹
1008 1274 1143 1371 Nepes-

159 1392 232 1467 inis
256 1392 343 1467 inde
377 1393 548 1482 edifilum,
589 1416 631 1469 ut
652 1420 748 1469 arma
771 1415 905 1493 ponant
917 1426 928 1481 3
972 1394 1140 1493 parcique

153 1513 293 1609 juffum
315 1510 456 1587 inermi.
506 1512 643 1588 Etrusci
668 1512 795 1613 pariter
815 1511 937 1587 armati
957 1532 1063 1611 atque
1086 1514 1139 1587 in-

160 1658 277 1706 ermes
294 1636 389 1708 caefi.
439 1634 696 1729 Nepefinorum
718 1658 864 1732 quoque
894 1636 1052 1707 auctores
1079 1637 1140 1709 de·

159 1750 310 1836 ditionis
326 1750 437 1826 securi
453 1754 613 1849 percussi:
640 1751 804 1833 innoxiae
821 1752 1045 1828 multitudini
1062 1757 1140 1827 red-

158 1870 258 1955 ditae
288 1897 353 1959 res,
380 1871 628 1970 oppidumque
658 1898 742 1948 cum
768 1871 936 1969 praesidio
965 1871 1138 1947 relislum.

156 1993 225 2079 Ita,
246 1992 386 2069 duabus
400 1988 501 2064 sociis
517 1989 668 2070 urbibus
690 2016 735 2075 ex
752 1990 850 2065 hoste
870 1991 1031 2090 receptis,
1062 1990 1136 2067 vic-

158 2130 278 2184 torem
295 2109 491 2183 exercitum
508 2108 643 2184 tribuni
669 2134 754 2185 cum
778 2134 906 2208 magna
930 2110 1041 2210 gloria
1062 2112 1139 2186 Ro-

157 2256 259 2303 mam
277 2230 507 2303 reduxerunt.
559 2230 698 2303 Eodem
716 2254 809 2302 anno
823 2232 868 2304 ab
884 2229 1025 2313 Latinis
1041 2234 1137 2305 Her-

158 2346 324 2446 nicisque
338 2374 390 2421 res
404 2346 581 2445 repetitae,
609 2350 888 2446 quaesitumque,
920 2375 984 2425 cur
998 2376 1062 2448 per
1078 2377 1137 2425 eos

157 2494 274 2542 aranos
299 2466 451 2542 militem
474 2492 519 2540 ex
541 2466 701 2540 instituto
727 2492 802 2540 non
818 2466 1013 2542 dedissent?
1063 2472 1138 2543 Re-

158 2586 329 2685 sponsum
350 2584 526 2686 frequenti
552 2584 734 2684 utriusque
753 2584 868 2685 gentis
894 2585 1048 2661 concilio
1073 2588 1135 2676 est,

158 2718 186 2750 “
205 2734 273 2781 nec
306 2709 450 2805 culpam
483 2704 522 2779 in
550 2730 594 2779 eo
619 2704 816 2803 publicam,
856 2732 922 2779 nec
953 2705 1137 2780 confilium

159 2837 185 2869 “
204 2823 319 2914 fuiffe,
345 2826 446 2924 quod
470 2824 550 2899 suae
569 2823 766 2921 juventutis
789 2821 898 2921 aliqui
925 2825 1021 2921 apud
1036 2824 1135 2899 Vols-

159 2953 185 2986 “
204 2970 266 3017 cos
282 2942 518 3018 militaverint.
559 2946 642 3017 Eos
659 2965 776 3017 tamen
802 2941 892 3041 ipsos
912 2942 1008 3041 pravi
1026 2948 1135 3018 confi-

160 3062 244 3136 “lii
269 3088 421 3162 poenam
446 3065 587 3150 habere,
615 3089 680 3136 nec
704 3087 924 3160 quemquam
951 3088 995 3137 ex
1012 3063 1066 3137 his
1083 3089 1136 3139 re·

160 3192 186 3226 “
204 3184 335 3257 ducem
361 3183 438 3256 esse.
487 3181 619 3256 Militis
635 3202 754 3255 autem
781 3207 853 3254 non
876 3180 949 3255 dati
972 3186 1134 3272 caussam,

161 3312 185 3345 ‘⁴
203 3322 370 3377 terrorem
383 3304 557 3376 affiduum
572 3299 735 3376 avolscis
751 3298 866 3389 fuisse,
884 3326 992 3399 quam
1001 3302 1135 3400 pestem

159 3423 446 3496 “adhaerentem
466 3420 562 3496 lateri
578 3420 641 3495 suo
657 3440 711 3494 tot
725 3418 827 3518 super
848 3421 914 3495 alia
934 3420 1010 3496 aliis
1035 3420 1135 3526 bellis

159 3540 378 3616 “exhauriri
401 3539 592 3640 nequiffe.’'
640 3544 742 3639 Qrae
761 3542 867 3613 relata
882 3540 1044 3615 Patribus
1061 3567 1134 3615 ma-

160 3659 212 3761 gis
237 3683 392 3759 tempus,
429 3684 538 3758 quam
568 3661 734 3747 cauflam,
762 3684 835 3735 non
862 3658 934 3734 visa
959 3660 1044 3735 belli
1074 3663 1134 3735 ha-

159 3784 250 3857 bete.

204 3903 272 3976 XI.
298 3897 500 3998 Insequenti
519 3924 626 3987 anno,
650 3902 697 3972 A.
712 3899 868 3987 Manlio,
896 3902 936 3975 P.
952 3900 1132 3990 Cornelio,

158 4020 203 4094 T.
214 4024 249 4094 δι
262 4022 310 4094 L.
327 4016 508 4120 Qtinfflis
520 4016 742 4116 Capitolinis,
770 4022 817 4093 L.
834 4017 975 4117 Papirio
986 4018 1133 4096 Cursore

162 4136 303 4229 iterum,
332 4138 376 4213 C.
392 4134 514 4239 Sergio
540 4134 669 4212 iterum
693 4137 844 4213 tribunis
869 4138 1041 4217 consulati
1067 4166 1131 4241 po-.
