3067 5342
353 701 426 771 412
706 676 1022 752 T.Lrvrr

354 847 541 927 confestim
574 849 621 926 ad
647 870 824 928 certamen
858 849 943 952 egit.
1002 847 1121 927 Castra
1152 850 1339 924 vallantetri

354 967 510 1046 Fabium
524 968 639 1046 adorti
655 969 747 1048 sunt.
796 975 900 1074 Qtos
922 968 986 1048 ubi
1017 969 1144 1046 effusos
1174 995 1273 1044 ruere
1301 969 1339 1044 in

353 1088 580 1166 munimenta
592 1090 716 1168 consul
730 1090 835 1180 vidit,
853 1111 1032 1168 revocatos
1048 1091 1179 1166 milites
1195 1094 1240 1165 ab
1256 1117 1340 1190 ope-

354 1235 403 1298 re,
420 1231 528 1308 prout
543 1209 616 1286 loci
630 1231 754 1286 natura
768 1210 980 1311 tempusque
997 1212 1207 1312 patiebatur,
1226 1210 1275 1286 ita
1287 1210 1341 1284 in-

353 1329 503 1406 struxite
534 1329 808 1428 cohortatusque
833 1330 1094 1430 praedicatione
1116 1358 1199 1406 vera
1214 1357 1287 1430 qua
1303 1329 1342 1405 in

354 1449 497 1540 Tuscis,
527 1449 662 1550 quain
682 1451 827 1528 Samnio
843 1473 1026 1551 partorum
1054 1453 1242 1540 decorum,
1268 1449 1343 1526 exi-

352 1596 462 1670 guam
486 1571 725 1670 adpendicem
744 1570 883 1648 Etrusci
910 1571 995 1648 belli
1022 1573 1196 1648 conficere
1215 1571 1342 1667 jubet:

353 1695 389 1768 δε
419 1688 518 1765 vocis
548 1690 666 1790 inpiae
691 1717 823 1790 poenas
855 1713 1033 1792 expetere,
1056 1690 1186 1792 quase
1214 1695 1342 1768 urbetn

353 1811 559 1886 Romanam
569 1814 839 1911 obpugnaturos
856 1811 982 1888 minati
1001 1811 1092 1888 sunt.
1142 1813 1248 1888 Haec
1265 1833 1341 1888 tan-

354 1951 391 2004 ta
415 1928 496 2005 sunt
516 1929 692 2006 alacritate
706 1929 864 2006 militurn
880 1931 1017 2022 audita,
1043 1953 1085 2006 ut
1101 1935 1249 2022 clamor,
1285 1931 1346 2006 sua

351 2049 475 2150 sponte
503 2073 615 2140 ottus,
663 2053 871 2150 loquentem
904 2051 1175 2151 interpellaverit
1197 2055 1342 2128 ducem.

360 2175 457 2246 Ante
471 2171 663 2270 imperium
676 2173 808 2248 deinde
830 2193 1007 2248 concentu
1027 2176 1194 2250 tubarum
1210 2199 1252 2248 ac
1270 2199 1346 2249 cor-

355 2316 471 2366 nuum
487 2290 591 2366 cursu
606 2289 715 2366 effuso
729 2292 767 2366 in
782 2291 919 2368 hostem
929 2291 1101 2369 feruntur.
1151 2295 1239 2370 Non
1252 2313 1343 2368 tam-

352 2434 463 2509 quam
479 2409 519 2485 in
534 2410 627 2486 viros
649 2433 713 2486 aut
737 2433 888 2488 armatos
912 2411 1117 2490 incurrunt:
1152 2411 1343 2510 (mirabilia

353 2531 453 2606 dictu
468 2533 495 2625 l)
515 2533 610 2630 ligna
624 2531 741 2630 primo
758 2532 846 2632 eripi
860 2553 987 2632 coepta
995 2531 1188 2632 signiferis3
1211 2531 1343 2608 deinde

356 2651 418 2750 ipsi
430 2650 581 2752 figniferi
593 2651 683 2728 trahi
696 2651 1151 2754 adconsulenr,armatique
1161 2652 1343 2729 militesex

353 2770 430 2848 acie
447 2770 485 2847 in
501 2771 616 2848 aciem
632 2772 818 2849 transferri.
869 2775 931 2864 Et,
957 2775 1068 2852 ficubi
1086 2775 1135 2852 est
1152 2795 1343 2863 certamen,

355 2890 461 2969 scutis
479 2893 605 2992 magis,
636 2918 746 2991 quani
763 2891 904 2994 gladiis,
936 2892 1070 2994 geritur
1084 2920 1148 2970 res.
1199 2897 1342 2970 Utnbo·

356 3011 463 3088 nibus
496 3012 702 3112 inculsaque
743 3016 798 3088 ala
831 3013 1033 3090 sternuntur
1064 3014 1191 3090 hostes.
1257 3016 1344 3090 Plus

356 3130 493 3231 capitur
508 3132 714 3223 hominum,
728 3159 839 3232 quam
852 3133 1032 3210 caeditute
1055 3155 1162 3234 atque
1183 3161 1257 3210 una
1272 3160 1344 3210 vox

354 3279 485 3352 ponere
507 3277 605 3329 arma
626 3253 836 3350 jubentium
863 3281 926 3356 pet
947 3275 1059 3332 totam
1085 3255 1196 3332 fertur
1217 3255 1342 3332 aciem.

353 3374 480 3472 ltaque
502 3373 595 3450 inter
625 3372 744 3472 ipsum
773 3396 949 3450 certarnen
976 3374 1067 3450 facia
1094 3375 1232 3452 deditio
1257 3377 1345 3452 esta

356 3493 480 3594 primis
500 3493 704 3572 auctoribus
730 3494 826 3570 belli.
889 3495 1033 3572 Postero
1061 3494 1342 3596 insequentibus-

355 3639 428 3713 que
450 3611 579 3691 diebus
604 3620 639 3690 δι
664 3615 772 3692 ceteri
800 3617 1027 3692 Umbrorum
1050 3615 1176 3715 populi
1203 3618 1342 3694 dedun-

355 3757 426 3812 tur.
496 3734 704 3812 Ocriculani
743 3733 924 3838 sponsrone
967 3735 1006 3813 in
1047 3735 1241 3814 amicitiurr
1281 3747 1342 3814 'ac-

355 3878 463 3954 cepti.

405 3977 527 4051 XLII.
552 3975 700 4066 Fabius,
728 3975 863 4052 alienae
894 3976 994 4054 sortis
1026 3975 1139 4055 victor
1172 3977 1271 4068 belli,
1305 3976 1342 4052 in

356 4095 455 4172 suam
471 4096 692 4195 provinciam
713 4097 912 4174 exereitum
938 4099 1092 4176 reduxit.
1142 4101 1268 4199 ltaque
1293 4096 1341 4186 ei,
