3067 5342
495 671 823 743 LrnanV.
1090 695 1133 768 73

151 849 277 922 Delam
300 871 501 944 arcemque,
532 845 639 920 solam
662 845 746 922 belli
774 845 926 944 speciem
947 865 1138 920 tenentem.

149 970 255 1054 Inde,
274 965 421 1040 modico
439 965 559 1040 relicto
576 965 759 1063 praesidio,
780 971 840 1062 (ne
856 965 937 1062 quis
947 963 985 1038 in
999 965 1137 1063 disfipa-

149 1109 206 1160 tos
223 1113 270 1160 cx
288 1112 366 1160 arce
383 1108 445 1160 aut
468 1085 646 1182 Capitolio
661 1085 803 1182 inpetus
819 1086 932 1178 fieret)
955 1084 1074 1183 dilapsi
1092 1087 1139 1159 ad

149 1208 321 1303 praedam
348 1205 470 1280 vacuis
495 1204 647 1280 obcursu
672 1203 864 1278 hominum
886 1204 967 1292 viis,
1001 1231 1078 1302 pars
1100 1204 1139 1279 in

154 1325 323 1424 proxima
348 1352 510 1424 quaeque
534 1329 708 1398 tectorum
730 1325 872 1423 agmine
896 1346 1029 1412 ruunt;
1061 1352 1139 1423 pars

151 1445 296 1537 ultima,
313 1447 412 1520 velut
428 1472 469 1518 ea
488 1447 637 1518 demum
659 1443 789 1518 intacla
805 1449 839 1517 δι
858 1445 980 1518 referta
997 1447 1139 1542 praeda,

154 1588 297 1664 petunt.
346 1567 435 1639 lnde
450 1565 565 1640 rursus
582 1564 654 1664 ipsa
668 1564 856 1639 solitudine
883 1565 1066 1654 absterriti,
1095 1593 1141 1640 ne

153 1712 227 1783 qua
243 1685 337 1759 fraus
353 1683 487 1760 hostilis
499 1711 608 1785 vagos
619 1685 809 1782 exciperet,
827 1685 863 1758 in
875 1685 1045 1759 sommae
1058 1712 1139 1783 pro·

154 1805 294 1904 pinqua
320 1804 398 1878 soro
424 1807 502 1880 loca
529 1807 732 1904 conglobati
758 1805 942 1880 redibant:
974 1805 1040 1880 ubi
1066 1833 1140 1892 eos,

154 1924 269 2023 plebis
283 1923 453 1998 aedificiis
471 1923 647 2012 obseratis,
678 1925 879 2024 patentibus
892 1925 986 2000 atriis
1008 1925 1140 2023 princi·

154 2069 258 2142 pum,
283 2043 392 2140 major
408 2069 517 2141 prope
533 2045 712 2119 cunetatio
726 2049 867 2120 tenebat
883 2067 1012 2143 aperta,
1030 2070 1140 2144 quam

155 2166 283 2251 clausa,
301 2161 505 2236 invadendi.
557 2165 662 2238 Adeo
679 2166 776 2238 haud
793 2164 891 2239 secus
907 2191 1018 2262 quam
1035 2191 1139 2240 vene-

157 2281 311 2357 rabundi
328 2283 558 2358 intuebantur
575 2281 612 2356 in
629 2283 774 2358 aedium
790 2285 971 2359 vestibulis
983 2284 1141 2360 sedentes

158 2402 265 2489 viros,
294 2424 426 2501 praeter
443 2423 606 2476 ornatum
630 2403 866 2502 habitumque
894 2408 1053 2479 humano
1079 2432 1141 2480 au·

159 2521 364 2621 gustiotem,
382 2522 556 2618 majestate
574 2521 693 2610 etiam,
722 2549 831 2620 quam
846 2526 967 2598 vultus
980 2525 1140 2623 gravitas·

161 2667 231 2739 que
250 2641 319 2716 oris
337 2667 418 2739 prae
432 2640 464 2715 se
482 2641 627 2729 serebat,
652 2641 843 2715 simillimos
861 2643 952 2717 Diis.
1003 2645 1065 2717 Ad
1083 2671 1143 2718 eos

160 2763 258 2836 velut
283 2763 463 2834 simulacra
487 2765 571 2834 versr
595 2787 710 2858 quum
735 2761 873 2850 starent,
897 2765 955 2836 M.
982 2762 1143 2860 Papirius

159 2907 254 2954 unus
271 2905 317 2953 ex
340 2879 393 2953 his
409 2879 541 2954 dicitur
558 2883 677 2968 Galim
705 2883 850 2955 barbam
867 2880 979 2970 suam,
1005 2883 1143 2961 ut'tum

160 2999 328 3074 omnibus
339 2998 501 3097 promissa
511 3021 595 3087 erat,
607 2999 854 3097 permulcenti,
871 2999 1026 3098 scipione
1039 3007 1142 3080 ebur·

161 3145 229 3192 neo
256 3117 294 3191 in
321 3139 428 3217 caput
450 3117 586 3193 incusso
610 3119 696 3192 iram
714 3119 857 3194 movisse
869 3153 881 3208 3
912 3143 1018 3220 atque
1038 3127 1143 3197 abeo

160 3239 308 3312 initium
325 3238 441 3314 caedis
462 3260 595 3326 ortum,
619 3259 749 3313 ceteros
774 3238 812 3312 in
826 3237 967 3314 sedibus
982 3241 1051 3315 suis
1069 3263 1142 3316 tru-

161 3357 309 3432 cidatos.
369 3358 452 3432 Post
482 3357 685 3455 principum
716 3360 861 3433 caedem
893 3361 982 3433 nulli
1012 3363 1142 3439 deinde

161 3477 365 3552 mortalium
388 3477 499 3576 parci,
527 3477 635 3575 diripi
659 3481 761 3565 testa,
780 3478 954 3552 exhaustis
976 3479 1072 3577 injici
1091 3481 1144 3582 ig.

162 3625 234 3672 nes.

213 3719 333 3792 XLII.
361 3720 544 3804 Ceterum,
562 3715 620 3790 seu
636 3741 708 3790 non
722 3716 891 3791 omnibus
904 3719 1074 3794 delendae
1086 3747 1145 3794 ur-

163 3838 217 3912 bis
235 3837 350 3912 libido
363 3859 447 3924 erat,
466 3836 524 3910 seu
540 3835 588 3910 ita
600 3837 778 3935 placuerat
792 3835 1013 3935 principibus
1024 3841 1145 3914 Gallo·

164 3961 302 4045 rum‚&
317 3956 479 4030 ostentari
493 3957 668 4054 quaedam
683 3955 847 4031 incendia
863 3956 1001 4032 terroris
1018 3961 1144 4048 caussa,

165 4079 187 4151 ti
204 4076 370 4176 compelli
387 4079 434 4152 ad
450 4075 671 4151 deditionem
689 4073 830 4151 caritate
847 4074 986 4152 sedium
1002 4075 1144 4153 suarum
