3067 5342
458 650 841 724 LtsnrtVIIl.
956 664 974 693 ·,
1093 673 1169 748 317

191 824 407 924 primoribus
428 829 573 900 Patrum
588 847 693 926 atque
706 824 870 900 universo
889 834 1022 913 senatu,
1042 824 1174 924 'persta-

191 968 244 1019 ret
270 945 307 1018 in
326 945 469 1042 incepto
484 945 618 1020 inmitis
634 947 793 1034 animus,
826 968 905 1021 tum
922 967 1020 1044 pater
1032 947 1091 1019 M.
1107 947 1173 1018 Fa-

193 1064 287 1153 bius,
312 1076 337 1109 “
352 1065 697 1165 Qrandoquidem‚'’
723 1065 855 1166 inquit,
884 1067 1025 1164 “apud
1046 1088 1081 1139 te
1109 1091 1175 1140 nec

192 1185 423 1260 “auctoritas
449 1184 599 1274 senatus,
626 1213 692 1261 nec
719 1207 811 1261 aetas
840 1213 931 1275 mea,
966 1185 1026 1260 cui
1043 1185 1173 1260 orbita·

194 1315 220 1348 “
239 1325 312 1378 tem
347 1331 457 1403 paras,
503 1332 569 1381 nec
599 1306 709 1381 virtus
743 1304 977 1405 nobilitasque
1017 1304 1174 1404 magistri

194 1436 219 1469 “
239 1424 417 1523 equitum,
441 1447 511 1499 ate
529 1424 603 1524 ipso
622 1425 809 1515 nominati,
834 1429 939 1515 valet,
957 1452 1024 1500 nec
1040 1450 1173 1523 preces,
1239 1485 1246 1496 .

194 1555 219 1587 “
239 1571 330 1642 quae
360 1543 457 1644 saepe
483 1545 619 1620 hostem
646 1545 866 1646 mitigavere,
895 1571 985 1646 quae
1011 1548 1174 1620 Deorum

194 1677 219 1708 “
239 1663 303 1748 iras
319 1665 479 1763 placant,
506 1665 667 1741 tribunos
684 1666 798 1765 plebis
813 1668 966 1764 adpello,
997 1669 1032 1740 ἃ
1048 1689 1174 1762 provo-

194 1795 219 1828 “
238 1811 282 1859 co
297 1786 342 1858 ad
359 1788 547 1883 populum.
598 1789 767 1886 Eumque
792 1786 873 1874 tibi,
899 1785 1052 1885 fugienti
1076 1811 1175 1860 exer-

196 1915 220 1948 “
239 1904 330 1979 citus
356 1904 423 1992 tui,
450 1904 602 2004 fugienti
630 1905 766 1982 senatus
792 1904 989 2004 judicium,
1010 1905 1175 2002 judicem

194 2037 219 2070 “
238 2025 325 2113 sero,
353 2025 416 2123 qui
435 2047 528 2099 certe
549 2052 643 2100 unus
662 2029 755 2123 plus,
783 2054 892 2126 quam
908 2048 971 2100 tua
988 2023 1173 2115 dictatura,

195 2156 219 2188 “
238 2146 352 2242 potest
371 2147 564 2243 polletque.
616 2145 763 2234 Vidern,
788 2145 983 2220 cessurusne
1006 2171 1175 2243 provoca-

195 2277 219 2310 “
239 2264 328 2340 tioni
362 2268 415 2354 fis,
442 2264 502 2339 cui
534 2291 595 2340 rex
618 2268 807 2340 Romanus
832 2268 964 2340 Tullus
996 2263 1175 2341 Hostilius

197 2398 222 2430 “
242 2389 370 2460 cessit.'’
422 2388 480 2458 Ex
506 2384 604 2462 curia
630 2385 667 2459 in
695 2385 908 2462 concionem
942 2387 1024 2462 itur.
1086 2391 1174 2488 Quo

198 2533 283 2583 cum
303 2505 425 2605 paucis
454 2504 616 2595 dictator,
643 2533 728 2581 curn
754 2505 855 2579 omni
880 2505 1022 2605 agmine
1048 2492 1180 2605 princi-

195 2653 283 2726 pum
300 2625 463 2726 magister
477 2626 642 2726 equitum
662 2652 778 2725 quum
793 2625 1014 2712 escendisset,
1043 2625 1176 2700 deduci

196 2772 281 2820 eum
303 2749 349 2820 de
367 2745 481 2821 rostris
496 2745 658 2844 Papirius
678 2745 715 2818 in
732 2767 865 2842 partem
890 2743 1176 2840 inferioremjus-

195 2870 246 2939 sit.
295 2869 443 2940 Secutus
459 2888 570 2965 pater,
597 2876 623 2909 “
638 2868 732 2940 Bene
746 2863 856 2962 agis,''
870 2863 1001 2963 inquit,
1020 2874 1178 2962 “quum

196 2996 222 3029 “
241 3011 284 3058 eo
311 3011 375 3060 nos
400 2984 533 3060 deduci
550 2985 687 3082 jussisti,
717 2987 815 3059 unde
845 2973 879 3059 a
902 2982 1029 3083 privati
1051 3010 1178 3059 vocem

196 3117 222 3150 “
240 3105 379 3181 mittete
396 3107 607 3204 poffemus.'’
657 3103 711 3179 Ibi
729 3101 846 3203 primo
866 3130 939 3178 non
961 3126 1034 3178 tarn
1057 3131 1178 3204 perpe·

195 3247 276 3300 tuae
301 3224 488 3313 orationes,
524 3249 634 3324 quam
660 3223 851 3314 altercatio,
889 3223 1180 3298 exaudiebantur.

196 3345 294 3420 Vicit
324 3345 454 3419 deinde
482 3343 665 3443 strepitum
695 3371 766 3418 vox
794 3347 827 3418 a
851 3343 1051 3444 indignatio
1075 3341 1178 3419 Fabii

196 3464 298 3554 senis,
331 3454 543 3563 increpantis
558 3463 756 3564 superbiam
780 3463 1098 3564 crudelitatemque
1114 3467 1181 3538 Pa·

195 3583 295 3684 pirii:
341 3567 379 3627 “⁵
397 3587 440 3658 Se
473 3608 620 3692 quoque
653 3583 861 3659 distatorem
898 3586 1038 3658 Romae
1067 3581 1181 3670 fuisse,

197 3716 223 3788 “,
243 3731 343 3780 neca
366 3702 399 3777 se
425 3728 660 3802 quemquam,
695 3731 740 3778 ne
766 3703 881 3802 plebis
897 3703 1048 3802 quidem
1065 3701 1181 3777 homi-

198 3837 224 3870 “
241 3851 338 3913 nem,
370 3848 443 3898 non
473 3822 731 3913 centurionem,
764 3850 838 3898 non
863 3823 1030 3910 militem,
1072 3819 1182 3895 viola·
1246 3887 1249 3893 .

199 3957 225 3989 “
244 3967 342 4034 tum;
376 3941 573 4042 Papirium,
604 3963 788 4041 tamquam
812 3970 863 4028 ‚ex
896 3941 1053 4017 hostium
1077 3940 1179 4017 duci-

200 4077 226 4118 ⁶‘
245 4069 326 4155 bus,
351 4069 395 4140 sic
425 4089 470 4139 ex
500 4065 669 4139 Romano
699 4063 910 4162 imperatore
936 4060 1178 4138 victoriam&
