3067 5342
387 700 453 795 158
713 696 1027 771 T.L1vrr

382 868 472 969 Qui,
498 866 563 942 ubi
580 866 693 941 tribus
717 869 763 943 ad
781 867 986 969 suffragium
1003 867 1204 943 ineundum
1224 866 1321 943 citari
1339 894 1360 940 a

382 988 530 1062 Licinio
546 986 739 1086 Sextioque
755 987 935 1077 viderunt,
969 988 1085 1088 stipati
1099 992 1246 1063 Petrum
1264 1012 1361 1084 prae-

383 1107 489 1195 srdiis,
541 1134 607 1183 nec
650 1108 786 1182 recitari
825 1107 1036 1207 rogationes,
1087 1134 1152 1183 nec
1195 1106 1361 1183 sollemne

383 1228 585 1327 quidquam
614 1227 712 1301 aliud
737 1228 785 1301 ad
810 1225 1028 1303 sciscendum
1056 1227 1152 1328 plebi
1175 1226 1250 1301 fieri
1281 1228 1362 1323 passi

382 1347 472 1422 sunt.
523 1352 678 1445 Jamque
707 1346 832 1421 fnrstra
859 1346 958 1447 saepe
992 1346 1147 1423 concilio
1176 1349 1361 1434 advocato,

382 1493 499 1565 quum
521 1494 586 1565 pro
614 1466 805 1566 antiquatis
831 1467 1029 1567 rogationes
1054 1470 1181 1555 effent;
1214 1478 1240 1511 “
1270 1470 1362 1541 Bene

383 1599 409 1631 “
428 1590 571 1675 habet,''
617 1586 736 1686 inquit
778 1588 929 1663 Sextius.
995 1598 1020 1631 ‘⁸
1055 1588 1363 1689 Qrandoquidem

383 1718 410 1751 “
428 1728 568 1781 tantum
593 1706 867 1783 intercellionem
894 1710 1024 1807 pollere
1047 1710 1173 1806 placet,
1202 1706 1268 1783 isto
1289 1708 1362 1806 ipso

384 1829 500 1901 “telo
532 1826 729 1902 tutabimur
759 1828 912 1925 plebem.
973 1828 1187 1925 Agitedum,
1217 1828 1364 1903 comitia

385 1958 411 1992 “
430 1946 590 2035 indicite,
633 1950 766 2035 Patres,
818 1945 969 2022 tribunis
1000 1946 1157 2022 militurn
1192 1947 1362 2024 creandis.

385 2078 411 2112 “
430 2070 543 2155 Faxo,
576 2092 621 2140 ne
645 2068 749 2163 juvet
774 2093 845 2140 vox
874 2066 950 2155 ista,
996 2093 1115 2156 varo,
1165 2094 1237 2167 qua
1267 2096 1363 2143 nunc

384 2184 656 2261 “concinentes
678 2188 829 2285 collegas
853 2187 987 2261 nostros
1010 2208 1083 2263 tam
1100 2186 1180 2263 laeti
1197 2188 1362 2263 auditis.'’

382 2306 498 2380 Haud
531 2304 647 2379 irritae
676 2304 836 2379 cecidere
870 2305 1004 2381 minae:
1036 2307 1194 2394 comitia,
1228 2332 1362 2406 praeter

382 2423 554 2499 aedilium
571 2423 870 2523 tribunorumque
888 2426 1014 2523 plebis,
1044 2428 1142 2501 nulla
1157 2426 1238 2505 sunt
1262 2429 1360 2504 habi-

382 2566 428 2619 te.
478 2543 645 2619 Licinius
668 2543 892 2643 Sextiusque,
933 2546 1066 2621 tribuni
1090 2546 1203 2645 plebis
1228 2547 1360 2638 referti,

382 2666 499 2739 nullos
515 2666 655 2739 curules
682 2664 901 2765 magistratus
925 2666 1033 2741 creari
1055 2668 1135 2764 paffi
1153 2665 1244 2744 sunt.
1295 2672 1361 2743 Ea·

383 2812 454 2885 que
484 2785 638 2860 solitudo
666 2785 947 2886 rnagistratuum,
977 2790 1009 2860 a
1047 2789 1150 2885 plebe
1182 2788 1359 2865 reficiente

383 2908 475 2981 duos
491 2906 666 2994 tribunos,
691 2910 725 2980 ὅτ
743 2905 798 2979 his
809 2903 954 2981 comitia
968 2905 1195 2983 tribunorum
1205 2907 1360 2983 militum

382 3026 602 3114 tollentibus,
631 3052 694 3123 per
715 3024 1006 3124 quinquennium
1023 3028 1149 3101 urbem
1163 3027 1289 3103 tenuit.

440 3148 616 3221 XXXVI.
650 3144 735 3218 Alia
750 3146 841 3219 bella
864 3166 1063 3243 opportune
1080 3144 1260 3245 quievere:
1293 3150 1361 3221 Ve-

382 3266 498 3340 literni
516 3265 648 3351 coloni,
682 3263 866 3362 gestientes
893 3263 981 3353 otio,
1011 3268 1111 3364 quod
1129 3266 1247 3340 nullus
1264 3293 1360 3341 exer.

347 3472 353 3485 Ο
382 3384 475 3458 citus
485 3386 673 3457 Romanus
689 3386 785 3471 esset,
806 3388 975 3483 &agrum
993 3388 1203 3461 Romanum
1225 3386 1360 3487 aliquo-

382 3504 447 3577 ties
470 3500 699 3590 incursavere,
725 3508 760 3577 δι
785 3503 987 3581 Tusculum
1018 3510 1223 3605 obpugnare
1237 3506 1362 3581 adorti

383 3623 472 3698 sunt.
540 3625 665 3721 anue
696 3649 762 3710 res,
796 3622 1007 3699 Tusculanis
1037 3626 1214 3702 veteribus
1246 3625 1360 3716 sociis,

381 3742 482 3818 novis
498 3742 651 3828 civibus,
678 3769 785 3840 opem
808 3742 1003 3832 orantibus,
1031 3746 1245 3821 verecundia
1262 3774 1359 3823 max·

383 3865 454 3939 ime
471 3890 545 3938 non
568 3866 686 3937 Patres
707 3865 833 3952 modo,
858 3862 1039 3940 sedetiam
1053 3868 1210 3963 plebem,
1235 3867 1359 3943 movit.

382 3982 666 4061 Remittentibus
683 3983 835 4059 tribunis
854 3984 980 4084 plebis,
1007 3985 1154 4061 comitia
1177 4012 1240 4084 per
1255 3987 1359 4063 inter·

380 4130 500 4205 regem
513 4103 593 4179 sunt
610 4104 748 4193 habita3
783 4104 961 4205 creatique
981 4106 1116 4181 tribuni
1136 4106 1295 4182 militurn
1312 4110 1358 4183 L.
