3067 5342
502 601 734 711 Lttian
786 635 867 710 VII.
1116 637 1182 733 183
1299 595 1303 604 Ι

198 835 245 883 ex
267 833 339 907 qua
360 828 456 907 parte
482 808 669 886 Minervae
686 811 863 909 templum
880 808 940 884 est.
991 809 1088 882 Eum
1108 810 1177 882 cla-

196 955 301 1016 vum,
326 928 413 1026 quia
427 955 520 1004 rarae
533 956 651 1028 perca
666 951 826 1029 tempora
839 929 957 1004 literae
974 937 1093 1014 erant,
1111 954 1175 1002 no-

196 1069 271 1124 tam
285 1047 425 1122 numeri
440 1075 615 1124 annorum
631 1049 732 1124 fuiffe
749 1049 865 1124 ferunt
880 1082 888 1122 :
907 1073 1022 1146 eoque
1037 1047 1175 1122 Miner·

194 1195 259 1243 vae
277 1169 412 1267 templo
429 1168 583 1244 dicatam
599 1171 730 1270 legem,
754 1169 840 1269 quia
855 1195 1022 1245 numerus
1037 1168 1176 1242 Miner-

193 1313 259 1362 vae
282 1287 469 1362 inventum
484 1292 534 1363 sit.
584 1287 747 1364 Volsiniis
760 1315 906 1388 quoque
922 1292 1053 1375 clavos,
1082 1286 1176 1360 indi-

195 1434 254 1483 ces
271 1407 411 1482 numeri
440 1435 627 1497 armorum,
661 1411 750 1484 fixos
783 1408 822 1482 in
852 1409 986 1507 templo
1015 1405 1175 1494 Nortiae,

195 1527 363 1614 Etruscae
382 1530 493 1616 Deae,
517 1554 730 1626 comparere,
751 1527 904 1628 diligens
917 1527 1043 1602 talium
1059 1525 1175 1600 moni·
1236 1569 1239 1578 ‚

192 1669 399 1734 mentorum
424 1650 546 1726 amor
574 1646 722 1722 Cincius
747 1649 921 1721 adfirmat.
972 1650 1031 1721 M.
1056 1649 1175 1720 Hora·

193 1766 265 1841 tius
280 1767 404 1842 consul
416 1793 462 1841 ex
474 1769 552 1865 lege
569 1769 745 1865 templum
761 1766 862 1861 Jovis
878 1767 1007 1865 optimi
1024 1765 1173 1841 maximi

193 1885 376 1961 dedicavit
398 1912 491 1962 anno
513 1887 591 1985 post
612 1913 709 1984 reges
736 1889 898 1968 exauosz
925 1913 946 1962 a
971 1885 1174 1978 consulibus

192 2006 315 2102 postea
342 2008 388 2085 ad
410 2006 610 2094 dictatores,
637 2005 723 2103 quia
738 2007 850 2103 maju's
873 2005 1063 2107 imperium
1090 2025 1173 2094 erat,

194 2123 363 2198 sollemne
388 2125 477 2204 clavi
499 2125 634 2225 figendi
653 2128 855 2201 transsatum
869 2126 928 2201 est.
979 2125 1174 2200 Intermiiso

193 2243 326 2318 deinde
342 2270 455 2333 more,
483 2245 592 2345 digna
605 2244 711 2320 etiam
728 2273 791 2344 per
802 2245 840 2320 se
853 2245 924 2319 visa
940 2272 1006 2334 tes,
1032 2264 1173 2344 propter

192 2391 303 2464 quam
325 2363 476 2438 dictator
497 2387 681 2439 crearetur.
731 2371 817 2466 Qia
838 2367 883 2440 de
909 2367 1024 2440 cauffa
1038 2384 1172 2440 creatus

191 2487 240 2558 1„
257 2482 432 2571 Manlius,
459 2483 606 2581 perinde
622 2510 663 2559 ac
680 2484 895 2582 reipublicae
913 2487 1100 2584 gerendae,
1131 2513 1173 2562 ac

192 2630 266 2678 non
284 2603 469 2677 solvendae
495 2603 679 2703 religione,
706 2603 818 2703 gratia
834 2625 970 2678 creatus
987 2607 1081 2692 effer,
1097 2607 1172 2680 bel-

189 2725 268 2798 lum
285 2721 490 2798 Hernicum
506 2723 698 2811 adfectans,
711 2724 850 2796 deledu
864 2724 1172 2819 acerbojuventu-

191 2865 264 2916 tem
279 2841 446 2940 agitavit;
473 2844 702 2939 tandemque,
720 2840 889 2916 omnibus
903 2841 941 2915 in
958 2868 1042 2916 eum
1059 2843 1170 2918 tribu-

191 2959 246 3034 nis
274 2960 387 3058 plebis
412 2960 555 3050 coortis,
581 2959 640 3036 seu
658 2961 708 3050 vi,
734 2960 793 3036 seu
813 2961 1026 3036 verecundia
1042 2961 1170 3052 vietus,
1227 2998 1231 3008 ·

192 3080 366 3155 dictatura
376 3079 475 3155 abiit.

237 3202 301 3274 IV.
344 3203 477 3299 Neque
510 3227 553 3275 eo
586 3199 707 3276 minus
739 3200 917 3301 principio
953 3201 1169 3302 insequentis

191 3321 287 3408 anni,
317 3320 529 3421 QServilio
546 3322 674 3408 Ahala,
691 3323 744 3396 L.
761 3323 928 3397 Genucio
951 3322 1169 3413 consulibus,

193 3439 266 3514 dies
283 3439 426 3524 Manlio
443 3437 575 3515 dicitur
596 3466 617 3513 a
636 3442 695 3513 M.
709 3440 911 3538 Pomponio
928 3442 1073 3518 tribuno
1094 3446 1170 3540 ple·

190 3559 253 3634 bin
305 3560 490 3638 Acerbitas
516 3560 556 3633 in
578 3561 731 3647 delectu,
753 3585 827 3634 non
842 3562 975 3636 damno
990 3564 1102 3636 modo
1119 3562 1169 3637 ci·
1219 3575 1225 3585 “

189 3678 301 3768 vium,
331 3679 391 3754 sed
413 3680 520 3756 etiam
546 3679 755 3754 laceratione
780 3705 969 3778 corporum
984 3685 1065 3774 lata,
1090 3708 1167 3779 par-

193 3798 255 3873 tim
269 3797 377 3898 virgis
393 3802 508 3888 caefiS,
523 3799 587 3897 qui
599 3800 646 3876 ad
660 3798 807 3876 nomina
817 3827 889 3874 non
903 3800 1166 3898 respondiffent,

191 3917 315 4014 partim
332 3918 372 3992 in
388 3917 532 3994 vincula
545 3917 675 4007 ductis,
693 3917 804 4004 invisa
820 3941 910 3994 erat:
940 3923 974 3993 δι
991 3941 1070 3996 ante
1089 3947 1166 3996 om·

192 4036 246 4111 nia
260 4036 416 4112 invisum
433 4036 549 4135 ipsum
566 4037 752 4137 ingenium
766 4061 880 4128 atrox,
893 4065 1165 4140 cognomenque
