3067 5342
388 617 457 693 268
717 619 1031 694 T.Ltvrr

389 801 414 835 “
431 789 540 864 estis?
570 785 661 888 quid
683 789 814 866 interea
835 789 1005 879 consules,
1034 788 1126 889 quid
1141 790 1217 864 duo
1233 788 1365 862 exerci-

387 921 413 954 “
431 931 487 984 tus
520 909 712 986 consulares
745 913 876 1010 agent?
910 911 1074 984 Aderunt
1103 909 1142 982 in
1170 909 1366 1005 tempore,'’

387 1029 548 1105 Manlius
561 1029 692 1128 inquit,
708 1041 733 1074 ‘⁸
759 1035 794 1105 tc
808 1056 893 1104 cum
910 1028 978 1104 illis
993 1027 1105 1104 aderit
1121 1027 1261 1126 Jupiter
1277 1026 1364 1125 ipse,

387 1147 614 1223 “foederum
643 1149 784 1224 avobis
806 1149 1017 1224 violatorum
1046 1147 1153 1237 testis,
1187 1147 1252 1245 qui
1284 1149 1365 1246 plus

387 1280 413 1314 “
431 1269 556 1368 potest,
585 1269 777 1368 polletque.
826 1269 862 1344 si
889 1271 936 1343 ad
961 1269 1147 1370 Regillum
1172 1269 1291 1342 lacum
1319 1268 1366 1342 ad

387 1388 620 1464 “satietatem
656 1389 804 1464 vestram
836 1388 1086 1488 pugnavimus,
1124 1387 1185 1464 hic
1219 1415 1364 1487 quoque

387 1519 413 1554 ‘⁸
431 1509 623 1585 efficiemus
637 1507 808 1608 profeem,
825 1536 870 1584 ne
887 1509 993 1584 nimis
1006 1509 1098 1583 acies
1112 1508 1215 1582 vobis
1232 1512 1266 1582 ἃ
1280 1534 1364 1583 con-

389 1641 413 1674 “
432 1633 500 1704 lata
516 1633 610 1728 figna
626 1627 811 1704 nobiscum
830 1630 930 1704 cordi
947 1631 1044 1703 fint.''
1093 1630 1155 1702 Ad
1175 1655 1216 1704 ea
1241 1627 1364 1704 Gemi-

385 1775 465 1837 nus,
511 1751 711 1849 paullulum
737 1749 870 1824 abluis
893 1775 987 1848 equo
1009 1752 1208 1846 provetius,
1243 1759 1268 1793 “
1288 1748 1363 1823 vis-

390 1881 414 1914 “
433 1897 477 1944 ne
493 1869 614 1968 igitur,
638 1871 726 1945 dum
741 1868 816 1944 dies
830 1869 892 1944 ista
903 1869 1013 1956 venit,
1028 1895 1101 1968 qua
1115 1895 1247 1969 magno
1259 1896 1363 1946 cona·

387 2001 412 2036 “
431 2013 469 2065 tu
490 1989 662 2066 exercitus
679 1989 861 2078 moveatis,
894 1989 1026 2064 interea
1047 2012 1087 2066 tu
1105 1988 1177 2088 ipse
1193 1989 1363 2090 congredi

388 2123 412 2156 “
431 2136 588 2198 mecum,
620 2131 662 2184 ut
690 2109 806 2184 nostro
833 2111 988 2184 duorum
1015 2110 1090 2205 jam
1117 2109 1203 2184 hinc
1233 2131 1362 2184 eventu

388 2242 413 2275 “
432 2253 604 2317 cernatur,
651 2251 825 2328 quantum
863 2254 972 2327 eques
1006 2228 1157 2305 Latinus
1197 2232 1365 2304 Romano

391 2359 416 2394 “
434 2349 581 2448 praestet
593 2350 629 2421 ?'’
658 2351 788 2422 Movet
803 2347 955 2423 ferocem
971 2349 1132 2423 animum
1150 2349 1293 2446 juvenis
1305 2348 1363 2425 seu

387 2495 448 2558 rra,
474 2466 532 2542 seu
550 2469 765 2543 detrettandi
784 2468 982 2543 certaminis
998 2470 1126 2568 pudor,
1149 2468 1208 2544 seu
1225 2469 1363 2544 inexsu-

380 2587 542 2689 perabilis
559 2587 612 2663 vis
637 2587 710 2663 fati.
769 2588 912 2664 Oblitus
938 2589 1058 2688 itaque
1079 2587 1220 2687 imperii
1242 2587 1356 2688 patrii,

385 2708 641 2807 consulumque
677 2707 798 2795 edicti,
838 2734 1003 2805 praeceps
1031 2710 1078 2781 ad
1108 2709 1149 2782 id
1186 2731 1361 2784 certamen

385 2828 514 2928 agitur,
530 2854 617 2927 quo,
634 2827 802 2915 vinceret,
816 2854 861 2900 an
872 2827 1082 2916 vinceretur,
1096 2829 1194 2903 haud
1206 2830 1361 2904 multum

386 2947 567 3023 intereffet.
603 2946 796 3046 Equitibus
813 2947 934 3022 ceteris
949 2949 1047 3022 velut
1062 2950 1108 3021 ad
1125 2947 1361 3046 speeiaculum

386 3065 569 3156 submotis,
599 3065 721 3166 spatio,
745 3069 845 3166 quod
861 3065 964 3141 vacui
986 3067 1209 3165 interjacebat
1230 3067 1360 3167 campi,

385 3185 543 3264 adversos
559 3185 739 3263 concitant
758 3211 889 3286 equos:
921 3191 969 3275 a,
997 3213 1112 3285 quum
1133 3185 1265 3262 infestis
1287 3186 1360 3262 cus·

384 3307 529 3406 pidibus
543 3306 804 3410 concurriffent‚
822 3305 952 3380 Manlii
969 3307 1083 3406 cuspis
1105 3307 1206 3406 super
1226 3310 1362 3408 galeam

385 3427 505 3515 hostis,
534 3425 643 3502 Metii
659 3449 749 3500 trans
767 3425 940 3501 cervicem
953 3425 1038 3525 equi
1050 3427 1164 3524 elapsa
1175 3427 1236 3502 est.
1285 3427 1360 3503 Cir-

384 3544 554 3621 cumafilis
583 3545 711 3620 deinde
737 3544 852 3644 equis,
888 3572 1003 3644 quum
1030 3547 1125 3644 prior
1153 3547 1200 3621 ad
1238 3546 1361 3624 iteran-

383 3668 473 3742 dum
502 3663 614 3740 istum
631 3663 791 3738 Manlius
806 3664 1088 3754 consurrexiffet3
1120 3664 1294 3764 spiculum
1307 3667 1360 3741 in·

383 3809 435 3864 ter
462 3811 561 3860 aures
583 3783 669 3882 equi
695 3785 784 3858 fixit.
835 3788 897 3859 Ad
924 3787 1025 3882 cujus
1047 3785 1200 3861 vulneris
1226 3785 1361 3862 sensum

382 3931 498 4006 quum
524 3929 651 4002 equus,
682 3902 858 4002 prioribus
883 3906 1036 4003 pedibus
1064 3905 1199 3994 creetis,
1234 3933 1363 4007 magna

382 4025 418 4102 vi
435 4045 542 4123 caput
555 4044 725 4122 quateret,
742 4027 886 4098 excuffit
899 4026 1078 4124 equitem:
1096 4053 1205 4126 quem
1218 4027 1362 4128 cuspide
