3067 5342
398 702 465 781 126
723 702 1039 779 T.Lrvrt

450 874 569 946 XVII.
617 874 870 951 Audiebantur
899 872 1018 975 itaque
1051 874 1235 973 propalam
1266 894 1365 947 voces

391 993 682 1089 exprobrantium
715 994 954 1083 multitudini,
988 994 1141 1094 “quod
1174 988 1365 1070 defensores

394 1120 419 1153 “
438 1110 517 1185 suos
533 1110 666 1211 semper
683 1113 720 1187 in
744 1113 972 1212 praecipitem
987 1116 1109 1189 locum
1128 1110 1248 1187 favore
1261 1110 1367 1193 tollat,

392 1229 567 1306 “deinde
595 1231 633 1305 in
665 1230 740 1331 ipso
773 1232 975 1308 discrimine
1005 1230 1157 1329 periculi
1192 1228 1365 1303 destituat.

392 1350 493 1425 “Sic
522 1354 582 1449 Sp.
608 1354 776 1442 Cassium,
808 1352 846 1427 in
874 1378 974 1452 agros
1000 1353 1144 1451 plebem
1167 1368 1365 1431 vocantem,

392 1479 417 1515 “
436 1471 479 1544 fic
508 1472 567 1567 sp.
594 1470 787 1559 Maelium,
819 1476 864 1548 ab
891 1498 949 1547 ore
978 1470 1114 1547 civium
1146 1468 1280 1543 famem
1302 1463 1367 1538 suis

393 1599 418 1631 “
437 1586 585 1687 inpensis
604 1588 877 1688 propulsantem,
904 1592 1097 1690 obprellos;
1123 1593 1169 1664 src
1186 1590 1246 1663 M.
1265 1588 1368 1659 Man·

391 1718 417 1751 “
436 1708 539 1795 lium,
563 1707 709 1785 mersam
732 1713 947 1789 &obrutam
967 1710 1111 1786 foenore
1127 1728 1268 1809 partem
1285 1702 1367 1779 civi-

391 1837 417 1870 ‘⁴
435 1826 515 1901 tatis
530 1825 568 1901 in
590 1827 788 1904 libertatem
805 1856 845 1904 ac
868 1832 986 1905 lucem
1003 1831 1262 1913 extrahentem,
1290 1848 1366 1921 pro

391 1946 551 2021 “ditum
581 1946 745 2023 inimicis.
811 1948 975 2049 Saginare
1008 1950 1151 2046 plebem
1183 1946 1367 2045 populares

391 2075 416 2110 “
435 2066 527 2155 suos,
553 2089 595 2141 ut
610 2068 833 2166 jugulentur.
883 2066 1050 2143 Hoccine
1073 2064 1288 2165 patiendum
1313 2060 1366 2135 su-

391 2196 418 2230 “
435 2186 507 2274 isse,
528 2189 551 2259 sr
568 2187 614 2260 ad
636 2206 766 2260 nutum
783 2186 961 2261 dinatoris
984 2212 1056 2261 non
1074 2182 1295 2283 responderit
1316 2179 1366 2254 vir

391 2315 417 2354 “
435 2303 651 2383 consularis?
702 2304 894 2404 Fingerent
923 2305 1114 2381 mentitum
1142 2326 1240 2392 ante,
1264 2323 1365 2400 atque

392 2434 417 2469 “
436 2423 520 2498 ideo
533 2450 606 2497 non
625 2423 796 2511 habuisse,
826 2427 926 2523 quod
943 2446 1021 2499 tum
1034 2422 1277 2523 responderet:
1308 2414 1365 2493 cui

390 2540 530 2619 “servo
559 2568 733 2642 umquam
759 2543 937 2619 mendacii
964 2570 1116 2643 poenam
1144 2544 1293 2620 vincula
1313 2537 1364 2613 su·

391 2672 416 2707 ‘⁶
436 2660 519 2736 ille?
569 2667 657 2738 Non
686 2661 901 2738 obversatam
928 2666 994 2739 else
1023 2664 1234 2739 memoriam
1256 2654 1365 2735 nostis

390 2791 415 2833 ⁴‘
433 2780 540 2870 illius,
568 2808 659 2879 quae
681 2809 772 2881 pene
793 2782 920 2857 ultima
941 2805 1047 2882 atque
1067 2805 1207 2859 aeterna
1228 2772 1361 2855 nomini

388 2903 600 2976 “Romano
625 2901 753 2977 fiterit?
783 2928 855 2976 non
885 2900 1036 2999 speciem
1062 2902 1216 3001 agminis
1247 2898 1362 2975 Gallo-

389 3030 415 3068 “
433 3046 526 3110 rum,
560 3048 622 3120 per
633 3022 821 3120 Tarpejam
838 3047 963 3119 rupem
976 3019 1196 3097 scandentis?
1225 3044 1298 3093 non
1314 3014 1363 3111 ip·

388 3150 414 3189 “
432 3144 498 3215 stus
524 3144 583 3215 M.
608 3139 753 3228 Manlii,
788 3143 930 3239 qualem
963 3166 1048 3215 eum
1073 3163 1264 3226 armatum,
1292 3136 1361 3235 ple·
1432 3154 1434 3157 ’

389 3270 416 3303 “
433 3286 522 3334 num
540 3259 675 3334 sudoris
690 3285 731 3334 ac
748 3257 939 3357 sanguinis,
968 3259 1041 3358 ipso
1056 3286 1145 3359 pene
1159 3265 1254 3356 Jove
1270 3280 1362 3351 erep-

389 3388 415 3422 “
434 3398 471 3451 to
489 3403 535 3451 ex
557 3377 712 3451 hostium
737 3378 916 3467 manibus,
943 3378 1129 3454 vidissent?
1179 3373 1361 3456 Selibrisne

389 3508 414 3540 “
433 3494 531 3569 larris
563 3494 709 3594 gratiam
741 3496 903 3571 servatori
945 3498 1073 3597 patriae
1107 3500 1283 3575 relatam?
1329 3496 1361 3565 &

387 3626 413 3659 “
433 3640 541 3715 quem
563 3640 673 3713 prope
689 3616 887 3705 coelestem,
912 3618 1126 3717 cognomine
1144 3641 1237 3695 certe
1257 3609 1358 3711 Capi·

388 3746 413 3780 “
433 3732 544 3809 tolino
560 3733 642 3831 Jovi
660 3761 793 3834 parem,
820 3734 978 3826 fecerint,
1017 3765 1100 3814 eum
1117 3738 1188 3839 pati
1201 3738 1359 3813 vindam

388 3868 414 3901 “
433 3856 471 3942 in
498 3879 647 3942 carcere,
686 3854 726 3928 in
758 3856 924 3945 tenebris,
961 3858 1155 3933 obnoxiam
1188 3850 1359 3933 carnificis

389 3987 414 4021 “
431 3973 575 4050 arbitrio
591 3977 721 4050 ducere
737 3974 915 4049 animam?
965 3978 1071 4051 Adeo
1097 3977 1135 4051 in
1156 4003 1231 4053 uno
1247 3968 1358 4067 omni-

390 4098 500 4173 “bus
530 4093 608 4170 satis
632 4093 756 4170 auxilii
784 4094 896 4184 fuisse,
930 4098 1063 4172 nullam
1091 4122 1198 4197 opem
1224 4097 1262 4173 in
1287 4114 1354 4169 tun
