3067 5342
338 666 407 735 144
667 636 984 711 T.L1v11

334 810 496 881 Tantum
526 805 598 881 fere
626 810 818 883 verborum
851 810 897 883 ab
929 802 1142 881 Tusculanis
1171 798 1315 875 fassum.

336 930 467 1001 Pacem
485 926 523 999 in
537 926 741 1024 praesentia,
761 954 828 1003 nec
847 927 896 1003 ita
912 928 1027 1003 multo
1042 923 1121 1023 post
1137 920 1316 997 civitatem

334 1046 456 1137 etiam,
488 1046 761 1146 inpetraverunt.
812 1051 874 1124 Ab
902 1046 1063 1123 Tusculo
1087 1042 1244 1144 legiones
1266 1067 1316 1115 re-

336 1169 476 1242 dudae.

385 1276 542 1364 XXVII.
565 1288 753 1378 Camillus,
776 1288 920 1365 consilio
938 1294 971 1363 δι
989 1287 1118 1363 virtute
1137 1286 1175 1359 in
1190 1283 1317 1359 Volsco

336 1411 445 1499 bello,
472 1408 639 1485 felicitate
662 1409 700 1483 in
723 1408 927 1484 Tusculana
949 1406 1191 1507 expeditione,
1222 1426 1318 1479 utro-

337 1529 449 1628 bique
462 1529 625 1631 singulari
638 1529 801 1605 adversus
818 1532 990 1631 collegam
1008 1527 1225 1629 patientia&
1243 1552 1317 1600 mo-

339 1650 519 1726 deratione
537 1650 692 1751 insignis,
709 1650 913 1750 magistratu
931 1649 1038 1737 abiit;
1070 1648 1193 1723 creatis
1209 1648 1319 1723 tribu·

339 1771 396 1845 nis
424 1770 636 1847 militaribus
658 1772 697 1845 in
722 1769 964 1869 insequentem
978 1798 1126 1859 annum,
1161 1776 1207 1845 L.
1226 1777 1258 1847 δι
1279 1774 1319 1845 P.

340 1891 502 1981 Valeriis,
533 1890 653 1967 Lucio
678 1890 862 1989 quintum,
888 1890 1019 1967 Publio
1042 1890 1201 1980 tertium,
1226 1892 1321 1965 &C.

338 2012 461 2111 Sergio
483 2012 642 2100 tertium,
666 2014 713 2086 1.
735 2011 910 2085 Menenio
933 2010 1145 2101 secundum,
1176 2014 1236 2108 Sp.
1254 2014 1319 2085 Pa·

340 2132 446 2232 pirio,
486 2135 558 2206 Ser.
586 2131 753 2207 Cornelio
780 2130 1042 2232 Maluginense.
1109 2130 1322 2207 Censoribus

339 2279 485 2352 quoque
511 2252 611 2351 eguit
639 2278 765 2341 annus,
797 2250 951 2327 maxime
977 2273 1120 2352 propter
1149 2252 1320 2328 incertam

339 2372 473 2447 samam
488 2369 576 2445 aeris
588 2370 712 2460 alieni3
736 2372 1008 2472 adgravantibus
1024 2372 1199 2448 summam
1215 2374 1323 2449 etiam

340 2491 497 2567 invidiae
514 2492 588 2588 ejus
604 2490 756 2567 tribunis
772 2492 898 2591 plebis,
917 2519 1033 2599 quum
1050 2496 1096 2569 ab
1112 2494 1155 2568 iis
1171 2496 1322 2569 elevare-

342 2636 413 2702 tur,
431 2611 564 2710 quibus
581 2614 654 2686 fide
672 2611 798 2712 magis,
817 2638 925 2711 quam
941 2612 1094 2702 fortuna,
1113 2614 1324 2689 debentium

342 2738 499 2811 laborare
516 2732 695 2809 creditum
707 2732 820 2807 videri
838 2733 1060 2831 expediebat.
1110 2734 1227 2810 Creati
1242 2761 1323 2809 cen-

343 2854 433 2930 sores
450 2858 493 2930 C.
507 2854 687 2951 Sulpicius
702 2852 924 2941 Camerinus,
951 2857 1011 2952 Sp.
1029 2854 1231 2928 Postumius
1250 2858 1324 2928 Re-

342 2975 505 3075 gillenfis.
544 2975 834 3073 Coeptaquejarn
849 3000 901 3047 res
914 2996 1026 3049 morte
1037 2974 1225 3064 Postumii,
1239 2974 1326 3073 quia

343 3098 519 3195 collegam
543 3092 670 3169 subfici
692 3092 825 3168 censori
848 3094 973 3193 religio
994 3116 1078 3183 erat,
1109 3093 1326 3193 interpellata

344 3216 405 3292 est.
456 3212 570 3314 Igitur
592 3239 708 3311 quum
734 3214 915 3313 Sulpicius
937 3214 1127 3290 abdicasset
1152 3214 1184 3289 se
1212 3216 1324 3315 magi-

344 3336 465 3423 stratu,
493 3331 650 3407 censores
674 3332 747 3421 alii,
778 3333 867 3409 vitio
894 3336 1013 3424 creati,
1046 3362 1119 3410 non
1149 3338 1325 3435 gesserunt

344 3452 597 3552 magisbaturn.
647 3454 788 3528 Tertios
811 3456 918 3528 creari
944 3456 1056 3553 (velut
1075 3454 1156 3531 Diis
1179 3483 1252 3529 non
1268 3482 1326 3530 ac-

346 3572 561 3673 cipientibus
582 3572 620 3645 in
642 3600 726 3648 eum
744 3601 880 3649 annum
903 3575 1099 3671 censuram)
1124 3574 1325 3674 religiosum

347 3694 427 3769 suit.
478 3696 569 3767 Eam
591 3719 675 3767 vero
694 3694 976 3769 ludificationem
993 3696 1105 3794 plebis
1125 3696 1259 3771 tribuni
1276 3695 1325 3769 fe-

348 3814 494 3889 rendam
505 3816 693 3912 negabant.
727 3825 752 3858 “
773 3816 911 3915 Fugere
925 3814 1083 3891 senatum
1097 3816 1210 3905 testes,
1225 3822 1326 3892 tabu-

312 4008 315 4013 .
348 3947 373 3980 “
392 3938 440 4009 las
454 3933 628 4033 publicas,
659 3933 783 4009 census
800 3934 985 4034 cujusque,
1009 3936 1095 4035 quia
1110 3937 1225 4012 nolint
1242 3964 1327 4011 con-

349 4052 477 4152 “spici
496 4052 671 4130 summam
695 4053 782 4130 aeris
804 4054 923 4145 ¹alieni,
951 4082 1042 4155 quae
1058 4056 1259 4133 indicatura
1275 4061 1326 4146 fit,
