3067 5342
494 735 530 808 L
555 703 619 810 1¹13
649 760 722 810 nn
775 737 872 810 VIII.
1084 758 1154 835 259

179 907 416 1006 stipendio&
446 907 554 984 trium
583 913 755 984 menfium
782 910 960 984 frumento
987 931 1132 1006 accepto
1139 941 1152 996 ;

177 1029 277 1126 quod
293 1026 474 1127 pepigerat
490 1029 624 1118 consul,
648 1050 691 1103 ut
713 1052 852 1127 tempus
869 1028 1023 1104 induciis
1041 1032 1151 1118 daret,

177 1150 298 1247 quoad
315 1148 421 1248 legati
443 1149 616 1223 redissent.
666 1149 850 1237 Samnites,
880 1148 991 1246 copiis
1013 1147 1150 1236 iisdem,

178 1267 312 1366 quibus
337 1271 388 1340 usr
417 1267 578 1343 adversus
604 1273 812 1342 Romanum
842 1271 976 1344 bellum
1004 1268 1152 1355 fuerant,

174 1407 300 1462 contra
316 1386 492 1463 Sidicinos
505 1387 665 1487 profecti,
691 1391 788 1462 haud
805 1388 842 1461 in
857 1387 967 1462 dubia
982 1386 1041 1484 spe
1058 1408 1155 1460 erant

178 1527 313 1580 mature
334 1506 432 1582 urbis
451 1507 605 1582 hostium
628 1507 833 1605 potiundae.
883 1511 983 1580 Tum
999 1510 1044 1580 ab
1060 1506 1153 1580 Sidi·

122 1631 127 1638 '
179 1624 268 1700 cinis
290 1625 427 1704 deditio
448 1625 544 1725 prius
569 1630 614 1700 ad
640 1631 824 1701 Romanos
843 1646 968 1723 coepta
988 1625 1063 1699 fieri
1086 1625 1152 1698 est:

179 1745 277 1833 dein,
306 1746 492 1845 postquam
514 1750 629 1823 Patres
652 1768 693 1820 ut
718 1746 827 1821 seram
853 1771 930 1819 eam
955 1743 1154 1842 ultimaque

179 1867 322 1938 tandem
345 1868 537 1940 necestitate
560 1869 748 1964 expreffam
775 1865 1082 1962 adspernabantur,
1108 1865 1155 1937 ad

178 1983 327 2056 Latinos
342 1985 418 2079 jam
437 1971 496 2057 sua
519 1985 638 2083 sponte
661 1985 699 2058 in
721 2011 816 2058 arma
840 2006 955 2058 motos
980 1983 1071 2057 fabia
1092 1984 1153 2057 est.

179 2107 239 2176 Ne
261 2103 433 2201 Campani
456 2103 604 2202 quidem
632 2106 735 2201 (adeo
758 2104 903 2199 injuriae
925 2103 1153 2191 Samnitium,

178 2248 289 2320 quarn
303 2222 466 2297 beneficii
482 2227 742 2311 Romanorum,
763 2223 934 2297 memoria
946 2222 1156 2320 praesentior

179 2343 265 2435 erat)
285 2341 339 2414 his
355 2341 388 2414 Ie
405 2341 508 2416 armis
527 2343 732 2416 abstinuere.
784 2347 841 2416 Ex
863 2342 918 2416 his
939 2364 993 2416 tot
1014 2343 1154 2441 populis

178 2485 273 2534 unus
291 2459 414 2560 ingens
431 2461 617 2549 exercitus,
642 2463 732 2535 duce
756 2461 888 2535 Latino
909 2464 996 2536 fines
1018 2463 1155 2537 Samni-

179 2578 271 2653 tium
293 2579 473 2678 ingreffus,
501 2584 578 2680 plus
596 2581 897 2680 populationibus,
927 2606 1036 2679 quam
1055 2609 1154 2678 proe-

180 2697 249 2786 liis,
288 2698 446 2773 cladium
475 2700 568 2775 fecit.
620 2705 679 2789 Et,
712 2727 931 2800 quamquam
963 2700 1154 2796 superiores

180 2817 432 2894 certaminibus
455 2819 576 2895 Latini
604 2842 712 2908 erant,
744 2823 840 2895 haud
870 2819 986 2908 inviti,
1014 2847 1059 2894 ne
1084 2820 1153 2894 sae·

179 2937 260 3036 pius
286 2937 532 3014 dimicandum
554 2939 656 3028 foret,
688 2967 772 3040 agro
792 2941 946 3017 hostium
973 2943 1153 3016 exceffere.

177 3060 221 3132 ld
239 3057 389 3158 spatium
409 3060 624 3136 Samnitibus
639 3064 762 3136 datum
786 3063 835 3137 est
852 3066 1007 3136 Romam
1024 3064 1154 3162 legatos

179 3179 357 3256 mittendi.
406 3182 480 3285 Qri
494 3207 609 3279 quum
623 3181 769 3257 adissent
782 3182 951 3269 senatum,
969 3180 1152 3279 conquesti

180 3303 304 3375 eadem
319 3299 352 3375 se
368 3300 562 3376 foederatos
585 3301 670 3399 pati,
696 3327 787 3400 quae
806 3302 918 3376 hostes
933 3303 1040 3375 effent
1058 3304 1152 3400 paffi,

180 3421 342 3517 precibus
358 3420 488 3495 infimis
505 3421 649 3518 petiere,
677 3433 761 3494 “ut
784 3422 861 3495 satis
883 3422 1054 3495 ducerent
1075 3423 1152 3494 Ro-

181 3553 207 3586 “
226 3540 322 3618 mani
338 3541 533 3628 victoriam,
551 3567 660 3638 quam
677 3541 891 3616 Samnitibus
908 3568 953 3614 ex
971 3542 1155 3637 Campano

181 3659 455 3758 “Sidicinoque
483 3661 580 3734 hoste
606 3659 823 3758 eripuiIsent:
861 3686 905 3733 ne
928 3659 1024 3734 vinci
1046 3659 1153 3733 etiam

180 3789 205 3822 “
223 3778 256 3853 se
289 3783 334 3854 ab
367 3779 590 3878 ignaviffimis
617 3779 757 3876 populis
788 3781 944 3852 finerent.
1003 3777 1152 3851 Latinos

182 3908 207 3941 “
226 3897 508 3997 Campanosque,
534 3901 567 3980 fi,
587 3896 650 3972 sub
681 3897 816 3970 ditione
844 3896 969 3993 populi
996 3897 1153 3972 Romani

177 4028 210 4082 .“
229 4020 348 4105 effent,
373 4043 438 4116 pro
460 4015 609 4114 imperio
632 4036 787 4090 arcerent
809 4013 957 4088 Samniti
973 4040 1056 4113 agro
1068 4047 1079 4102 ς
1107 4018 1155 4089 fin

175 4120 208 4180 '⁸‘
226 4136 417 4236 imperium
440 4137 648 4224 abnuerent,
673 4133 778 4208 armis
798 4138 1030 4209 coercerent?
1079 4139 1157 4211 Ad-
