3067 5342
344 627 413 702 286
657 621 978 696 T.L1v11

342 795 548 888 Auruncos)
579 792 773 870 exercitum
799 796 1001 882 educerent,
1032 791 1125 868 fatua
1139 788 1319 880 adfertur3

341 921 532 994 Auruncos
548 935 646 988 metu
663 913 841 1014 oppidum
856 912 1051 999 deseruiffe,
1080 910 1321 1012 profugosque

342 1061 427 1110 cum
443 1032 654 1134 conjugibus
681 1061 721 1108 ac
748 1032 868 1109 liberis
895 1033 1049 1107 Sueffam
1072 1031 1319 1120 communiffe,

342 1179 433 1252 quae
463 1179 560 1228 nunc
586 1159 758 1228 Aurunca
787 1155 976 1250 adpellata,
1010 1150 1153 1226 moenia
1172 1149 1351 1248 antiqua

341 1299 466 1348 eorum
489 1275 690 1370 urbemque
710 1275 755 1346 ab
780 1271 948 1347 Sidicinis
974 1274 1138 1346 deletam.
1188 1272 1249 1345 Ob
1276 1296 1320 1344 ea

342 1391 498 1469 infensus
518 1389 721 1468 consulibus
743 1390 893 1478 senatus,
923 1417 1078 1490 quorum
1094 1390 1319 1465 cundatione

342 1511 475 1611 proditi
485 1509 569 1586 socii
587 1513 707 1598 effent,
731 1511 939 1584 dictatorem
955 1511 1140 1606 dicijuffit.
1189 1511 1320 1586 Diuus

341 1634 384 1708 C.
406 1631 580 1707 Claudius
609 1631 830 1731 Regillensis,
863 1630 1069 1730 magistrum
1093 1629 1257 1728 equinam
1275 1632 1320 1705 C.

340 1751 534 1828 Claudium
561 1753 792 1826 Hortatorem
818 1751 922 1825 dixit.
976 1749 1122 1850 Religio
1153 1749 1238 1825 inde
1264 1750 1319 1825 in·

334 1873 427 1968 jetta
443 1873 488 1946 de
506 1871 691 1946 dictatore
721 1876 768 1960 br,
797 1898 912 1969 quum
940 1896 1090 1969 augures
1111 1869 1200 1945 vitio
1225 1897 1317 1945 crea-

342 2013 421 2066 tum
444 1990 556 2066 videri
580 1991 757 2079 dixillent,
786 1991 936 2064 dictator
960 1989 1195 2090 magisterque
1215 1990 1318 2088 equi-

340 2131 420 2186 tum
434 2109 466 2186 se
483 2109 684 2211 magistratu
702 2110 922 2185 abdicarunt.
972 2113 1029 2183 Eo
1044 2135 1138 2183 anno
1153 2109 1321 2184 Minucia

342 2229 501 2318 Vestalis,
525 2227 679 2328 suspecta
694 2229 811 2328 primo
828 2251 968 2328 propter
986 2228 1212 2304 mundiorem
1222 2230 1320 2326 justo

342 2351 496 2437 cultum,
528 2347 724 2422 insimulata
739 2347 870 2424 deinde
884 2350 982 2446 apud
998 2348 1183 2448 pontifices
1198 2353 1243 2424 ab
1265 2349 1319 2423 in·

340 2467 420 2544 dice
435 2466 549 2556 serv03
578 2493 693 2565 quum
710 2469 852 2543 decreto
873 2493 997 2542 eorum
1013 2469 1105 2565 juffa
1119 2471 1201 2542 effet
1217 2467 1318 2542 sacris

340 2587 522 2675 abstinere,
552 2585 796 2685 familiamque
824 2585 863 2660 in
884 2586 1050 2684 potestate
1072 2589 1220 2675 habere;
1245 2587 1317 2662 fac·

340 2728 378 2784 to
395 2706 550 2804 judicio,
583 2705 664 2781 viva
688 2705 752 2781 sub
778 2727 905 2780 terram
925 2707 971 2780 ad
987 2727 1124 2804 portam
1139 2705 1318 2782 Collinam

341 2827 465 2902 dextra
476 2825 534 2901 via
549 2827 650 2902 strata
664 2825 795 2901 defolsa
810 2827 984 2900 Scelerato
997 2853 1136 2926 campo.
1185 2827 1317 2913 Credo,

340 2949 386 3022 ab
400 2945 531 3020 incesto
545 2945 584 3020 id
600 2945 633 3018 ei
656 2947 736 3020 loco
754 2972 884 3020 nomen
901 2945 1047 3020 factum.
1098 2947 1240 3020 Eodem
1254 2973 1318 3020 an·

340 3092 387 3140 no
404 3070 461 3166 Q
478 3063 655 3142 Publilius
674 3063 779 3139 Philo
793 3086 930 3161 praetor
944 3065 1102 3164 primum
1128 3067 1173 3140 de
1198 3068 1316 3164 plebe,

339 3183 539 3261 adversante
562 3183 720 3282 Sulpicio
747 3184 903 3274 consule,
928 3185 993 3283 qui
1023 3188 1186 3284 negabat,
1212 3185 1316 3260 ratio·
1333 3269 1350 3296 .

340 3333 422 3380 nem
438 3307 511 3401 ejus
525 3303 558 3378 se
575 3304 794 3393 habiturum,
824 3305 874 3378 est
890 3303 1018 3392 factus,
1052 3303 1185 3394 senatu,
1200 3333 1318 3406 quum

339 3425 377 3500 in
394 3423 540 3499 summis
562 3423 717 3523 imperiis
740 3425 779 3499 id
795 3451 868 3499 non
884 3424 1100 3515 obtinuiffet,
1131 3425 1251 3502 minus
1278 3425 1318 3501 in

340 3564 500 3642 praetura
516 3545 693 3618 tendente.

389 3665 490 3738 XVI.
518 3661 708 3761 Insequens
730 3691 857 3754 annus,
883 3667 930 3739 L.
948 3664 1090 3762 Papirio
1113 3669 1243 3756 Craffo,
1269 3668 1318 3741 K.

341 3781 468 3857 Duilio
485 3782 700 3872 consulibus,
735 3783 924 3860 Ausonum
940 3785 1054 3886 magis
1071 3813 1177 3876 novo,
1207 3807 1318 3886 quam

341 3929 471 4002 magno
501 3904 595 3978 bello
618 3901 688 3977 fuit
717 3903 869 4003 insignis.
930 3909 984 3980 Ea
1012 3934 1099 4006 gens
1124 3908 1226 3982 Cales
1256 3931 1316 3980 ur·

340 4024 423 4096 bem
438 4021 624 4098 incolebat.
673 4021 839 4100 Sidicinis
856 4024 1017 4102 finitimis
1032 4054 1129 4103 arma
1144 4026 1318 4124 conjunx·
