3067 5342
525 560 960 694 Lrnealxs.
1135 639 1206 716 343

219 789 274 866 Ita
301 787 456 868 tradusli
481 791 548 868 sub
572 792 719 894 jugum,
747 797 795 882 δι,
830 792 930 892 quod
956 815 1047 890 pene
1064 788 1204 889 gravius

220 931 305 999 erat,
339 935 401 1010 per
424 911 581 988 hostium
606 916 740 989 oculos.
791 918 919 1015 Qrum
946 909 1068 986 esaltu
1085 908 1204 985 evasis·

221 1030 308 1121 sent,
341 1035 413 1120 etsr,
447 1035 545 1107 velut
563 1037 610 1108 ab
627 1032 745 1109 inseris
762 1032 922 1119 extracti,
952 1053 1030 1104 tum
1044 1029 1204 1129 primum

176 1162 179 1174 ’
221 1154 341 1228 lucem
358 1151 535 1252 adspicere
558 1152 618 1230 visi
644 1153 737 1243 sunt,
765 1175 884 1228 tamen
901 1150 974 1249 ipsa
989 1153 1054 1224 lux
1070 1150 1120 1224 ita
1143 1152 1205 1224 de·

221 1271 334 1348 forme
352 1272 573 1350 intuentibus
590 1299 718 1374 agmen
745 1271 845 1348 omni
869 1293 981 1347 morte
1004 1270 1133 1345 tristior
1148 1269 1205 1344 su-

221 1391 261 1468 it.
311 1395 448 1493 Itaque,
475 1420 592 1493 quum
621 1415 701 1468 ante
730 1396 872 1468 nostem
899 1395 1062 1490 Capuam
1084 1415 1206 1489 perve-

221 1510 298 1588 nire
314 1516 463 1612 pollent,
495 1513 619 1591 incerti
644 1515 689 1588 de
720 1515 792 1590 fide
816 1513 1004 1601 sociorum,
1038 1516 1072 1586 δι
1103 1511 1206 1610 quod

219 1634 337 1732 pudor
353 1634 612 1734 praepediebat,
646 1634 739 1710 circa
753 1633 850 1708 viam
865 1635 965 1708 haud
990 1633 1114 1731 procul
1137 1633 1206 1707 Ca·

220 1777 293 1850 pua
308 1753 473 1828 omnium
493 1754 597 1854 egeni
629 1781 775 1854 corpora
801 1753 903 1829 humi
936 1753 1204 1851 prostraverunt.

222 1874 336 1973 Qrod
351 1873 417 1949 ubi
435 1874 484 1949 est
508 1877 670 1972 Capuam
688 1873 912 1963 nunciatum,
943 1871 1051 1948 evicit
1066 1872 1205 1948 misera-
1298 1923 1302 1933 ·

221 1991 273 2069 tio
283 1993 377 2089 justa
391 1992 566 2070 sociorum
577 1994 775 2094 superbiam
791 1994 986 2095 ingenitam
1001 1993 1209 2090 Campanis,

223 2111 421 2188 Confestim
438 2113 585 2214 infignia
599 2114 659 2190 sua
669 2115 888 2204 consulibus,
914 2113 1034 2202 fasces,
1053 2113 1206 2201 listoteS,

222 2259 330 2321 arma,
364 2260 489 2332 equos,
521 2235 743 2324 vestimenta,
777 2258 997 2312 commeatus
1030 2231 1206 2308 militibus

223 2352 379 2452 benigne
401 2353 575 2430 mittunt:
608 2361 641 2430 δι
664 2355 891 2432 venientibus
907 2359 1069 2454 Capuam
1096 2379 1206 2428 cunc·

223 2493 281 2550 tus
310 2472 447 2550 senatus
478 2474 717 2575 populusque,
762 2475 907 2552 obviam
940 2478 1073 2575 egreffi,
1104 2473 1208 2572 justis

222 2593 392 2671 omnibus
432 2595 676 2694 hospitalibus,
725 2595 938 2694 privatisque
978 2600 1012 2668 δι
1054 2594 1209 2693 publicis

224 2714 425 2814 funguntur
442 2715 589 2791 officiis:
625 2743 742 2814 neque
760 2715 829 2790 illis
841 2714 1029 2798 ¹sociorum
1046 2713 1208 2802 comitas,

223 2835 413 2934 ,vultusque
432 2836 592 2936 benigni,
627 2841 660 2911 δι
679 2836 848 2934 adloquia
863 2861 938 2909 non
955 2835 1066 2910 modo
1081 2832 1208 2911 sermo-

225 2982 309 3032 nem
334 2955 471 3044 elicere,
499 2955 559 3032 sed
586 2983 644 3045 ne,
667 2978 709 3030 ut
733 2957 858 3030 oeulos
886 2955 1035 3055 quidem
1061 2955 1208 3030 adtolle-

224 3097 313 3164 rent,
347 3098 408 3152 aut
436 3075 653 3152 consolantes
674 3075 808 3150 amicos
831 3097 954 3151 contra
970 3073 1208 3173 intuerentur,

222 3197 361 3271 efficere
382 3217 555 3294 poterant.
606 3198 713 3272 Adeo
741 3194 843 3295 super
866 3222 1064 3272 moerorem
1092 3197 1211 3295 pudor

224 3315 374 3413 quidam
390 3315 512 3416 sugere
535 3315 727 3415 conloquia
743 3319 778 3390 lc
794 3337 916 3390 coetus
931 3315 1122 3390 hominum
1151 3341 1211 3389 co-

219 3440 346 3534 gebat.
397 3438 540 3512 Postero
567 3435 626 3511 die
643 3461 760 3535 quum
775 3436 926 3532 juvenes
942 3435 1092 3524 nobiles,
1122 3433 1212 3509 miffr

229 3558 402 3653 aCapua‚
431 3578 473 3631 ut
497 3555 755 3655 proficiscentes
779 3557 827 3630 ad
856 3557 965 3630 finem
987 3559 1215 3654 Campanum

228 3675 533 3776 prosequerentur,
564 3675 797 3764 revertissent,
829 3676 1021 3775 vocatique
1052 3675 1090 3750 in
1120 3673 1213 3750 curi-

227 3822 285 3870 am
305 3795 618 3895 percunelantibus
635 3796 828 3893 majoribus
838 3819 944 3900 natu,
973 3807 999 3841 ‘⁶
1016 3798 1134 3872 multo
1151 3796 1213 3873 fibi

219 3925 256 3980 *⁴⁶
274 3915 476 3992 moestiores
510 3921 545 3992 δι
578 3914 776 4012 abjectioris
808 3916 919 3991 animi
948 3915 1076 4008 visos,”
1110 3917 1214 3994 reser-

231 4060 334 4125 rent3
366 4039 500 4114 “adeo
516 4038 628 4126 silens,
658 4063 699 4110 ac
725 4061 836 4136 prope
851 4058 998 4114 mutum
1014 4065 1145 4140 agmen
1162 4040 1216 4116 in·
