3067 5342
456 716 666 791 Lrnnn
718 713 817 788 VIII.
1080 738 1150 814 315

170 895 197 934 ‘¹
216 889 317 978 cede,
354 889 488 966 lictor?
545 889 725 968 Adversus
751 915 844 988 quae
873 889 1007 988 fingula
1038 917 1154 990 quum

169 1009 379 1109 respondere
405 1013 503 1086 baud
525 1011 627 1087 facile
647 1013 741 1100 esset,
772 1016 921 1085 &nunc
938 1033 1154 1110 quereretur,

170 1131 341 1205 eumdem
358 1130 595 1206 accusatorem
617 1131 741 1231 capitis
755 1131 806 1240 sui
822 1159 864 1207 ac
879 1121 1043 1228 judicem
1067 1135 1154 1221 effe3

170 1252 295 1339 modo,
324 1251 435 1326 vitam
453 1252 515 1328 fibi
538 1251 626 1351 eripi
651 1250 770 1341 citius,
805 1276 915 1351 quam
936 1252 1086 1350 gloriam
1103 1279 1156 1328 re-

170 1397 252 1446 rum
269 1371 459 1470 gestarum,
483 1375 591 1472 posse,
618 1371 887 1461 vociferaretur3
917 1394 1154 1472 purgaretque

169 1489 391 1580 seinvicem,
422 1513 529 1592 atque
545 1494 640 1567 ultro
654 1491 845 1568 accusaret:
870 1511 959 1566 tunc
977 1491 1152 1590 Papirius,

168 1609 404 1712 redintegrata
421 1611 484 1700 ira,
515 1611 654 1712 spoliari
683 1613 890 1714 magistrum
906 1611 1086 1710 equitum,
1109 1639 1151 1688 ac

167 1729 283 1830 virgas
307 1735 342 1806 bc
363 1731 499 1807 secures
525 1732 684 1832 expediri
704 1735 812 1830 juffit.
862 1731 1008 1821 Fabius,
1040 1735 1152 1808 fidem

168 1850 327 1926 militum
344 1851 534 1952 inploram,
562 1851 795 1928 lacerantibus
807 1852 939 1927 vestem
952 1851 1150 1943 licioribus,

166 1974 214 2046 ad
230 1971 378 2061 triarios,
405 1974 604 2047 tumultum
615 1973 690 2069 jam
708 1973 745 2046 in
759 1972 932 2048 concione
950 1971 1149 2061 miscentes,

168 2090 237 2167 sese
260 2091 404 2191 recepit.
454 2095 543 2166 Inde
572 2095 706 2167 clamor
738 2093 777 2166 in
802 2113 913 2168 totam
938 2092 1150 2168 concionem

165 2211 217 2286 est
233 2215 402 2312 perlatus:
433 2211 518 2287 alibi
542 2239 674 2311 preces,
704 2213 790 2288 alibi
819 2213 937 2289 minae
957 2212 1149 2288 audieban-

166 2347 245 2407 tur,
285 2332 362 2435 Qi
393 2331 549 2431 proximi
566 2317 655 2407 sorte
682 2333 837 2409 tribunal
858 2335 1034 2423 steterant,
1062 2333 1150 2434 quia

165 2451 312 2550 subjecti
330 2452 443 2528 oculis
460 2453 679 2552 imperatoris
696 2453 857 2529 noscitari
876 2476 1051 2553 poterant,
1071 2481 1148 2530 ora·

165 2575 265 2663 bant,
295 2595 336 2650 ut
349 2595 505 2675 parceret
525 2573 691 2675 magistro
708 2576 887 2673 equitum,
914 2601 985 2652 neu
1003 2601 1088 2650 cum
1106 2603 1149 2650 eo

164 2695 361 2772 exercitum
383 2697 577 2772 damnaret.
629 2698 799 2769 Extrema
828 2694 956 2770 concio
988 2699 1025 2770 δι
1057 2695 1151 2771 circa

166 2817 320 2894 Fabium
337 2820 465 2918 globus
480 2815 708 2915 increpabant
730 2814 982 2891 inclementem
999 2814 1148 2890 didato·

164 2963 263 3012 rem:
298 2965 365 3013 nec
387 2940 514 3036 procul
527 2937 698 3012 seditione
712 2938 868 3011 aberant.
917 2939 978 3011 Ne
992 2933 1147 3012 tribunal

165 3057 316 3156 quidem
333 3056 411 3132 satis
427 3058 592 3156 quietum
609 3077 691 3131 erat.
741 3056 869 3156 Legati
883 3055 1149 3132 circumstantes

163 3177 279 3252 sellam
297 3182 457 3268 orabant,
486 3201 528 3252 ut
545 3204 619 3252 rem
640 3177 678 3251 in
704 3177 884 3276 posterum
907 3177 1005 3252 diem
1029 3177 1147 3252 differ-

164 3319 228 3386 ret,
260 3302 293 3372 δι
309 3297 378 3372 irae
390 3295 469 3372 suae
486 3296 650 3397 spatium,
669 3301 704 3372 δι
723 3297 866 3374 consrlio
877 3320 1017 3397 tempus
1030 3299 1145 3374 daret:

162 3428 189 3461 “
206 3417 296 3492 Satis
313 3417 514 3518 castigatam
531 3417 802 3493 adolescentiam
826 3417 928 3493 Fabii
952 3419 1036 3492 csse:
1068 3418 1146 3494 satis

163 3548 188 3580 “
207 3537 437 3614 deformatam
459 3538 660 3612 victoriam:
692 3564 736 3612 ne
753 3539 801 3617 ad
814 3558 1016 3613 extremum
1035 3539 1145 3614 finem

161 3657 371 3756 “supplicii
391 3659 565 3732 tenderet:
594 3685 663 3732 neu
683 3658 794 3734 unico
803 3657 943 3755 juveni,
967 3685 1038 3733 neu
1055 3660 1144 3758 patri

162 3789 188 3823 “
206 3781 293 3874 ejus,
324 3778 507 3853 clariffimo
523 3777 613 3868 viro,
648 3803 718 3853 neu
733 3778 862 3854 Fabiae
876 3777 974 3878 genti
993 3806 1072 3854 eam
1089 3780 1143 3854 in·
1261 3833 1268 3846 .

161 3910 187 3943 “
198 3901 365 3999 jungeret
393 3897 664 3998 ignominiam.”
712 3904 841 4001 Qum
872 3923 999 3996 parum
1029 3900 1142 3997 preci-

160 4021 242 4108 bus,
276 4045 402 4119 parum
422 4021 537 4096 cauffa
552 4021 774 4118 proficerent,
801 4029 826 4063 ‘⁴
845 4018 974 4093 intueri
991 4018 1143 4095 saevien-

161 4149 188 4182 “
206 4160 279 4214 tem
292 4140 529 4218 concionem”
546 4141 733 4238 jubebant.
785 4150 810 4183 “
829 4141 884 4214 Ita
896 4139 1036 4216 irritatis
1049 4141 1143 4217 mili·
