3067 5342
341 662 412 758 23⁶
676 653 990 780 'hiavit

341 830 493 925 aiebant,
523 839 550 874 “
567 827 780 928 vesanosque
794 829 915 902 vuitus
930 831 963 900 ὅτ
981 823 1215 900 furentiaorat
1242 821 1339 896 inde

342 959 370 994 ‘⁸
387 951 481 1047 plus,
513 975 624 1047 quam
651 975 697 1022 ex
730 949 798 1022 alia
827 949 900 1022 ulla
929 973 978 1034 re,
1005 944 1143 1019 terroris
1172 939 1340 1017 ortum.”

339 1073 462 1169 Qtem
494 1089 661 1142 terrorem
690 1093 763 1142 non
792 1093 933 1166 pugnae
960 1063 1073 1140 solum
1097 1084 1241 1151 eventu,
1269 1061 1340 1136 sed

340 1190 513 1262 nocturna
535 1185 767 1285 profedtione,
798 1186 939 1262 confessi
956 1184 1047 1259 sunt.
1097 1183 1240 1258 Postero
1267 1182 1338 1258 die

337 1305 458 1382 vacuis
475 1305 632 1380 hostium
652 1305 770 1380 castris
793 1309 980 1380 Romanus
1006 1303 1158 1404 potitur:
1186 1326 1265 1400 quo
1298 1301 1337 1376 se

339 1425 457 1500 omnis
486 1429 750 1524 Campanorum
774 1425 970 1500 multitudo
992 1425 1251 1524 gratulabunda
1279 1423 1337 1498 et-

339 1544 445 1620 fudit.

389 1667 567 1740 XXXIV.
592 1667 762 1740 Ceterum
786 1667 854 1740 hoc
877 1665 1051 1766 gaudium
1069 1691 1198 1764 magna
1214 1691 1333 1765 prope

324 1775 442 1859 'clade
460 1784 497 1858 in
517 1784 661 1858 Samnio
678 1783 861 1860 foedatum
886 1785 946 1859 est.
996 1787 1093 1860 Nam
1111 1788 1156 1860 ab
1173 1784 1334 1860 Saticula

339 1904 518 2002 profedtus
542 1903 729 1980 Cornelius
753 1903 874 1979 consul
898 1902 1096 1978 exercitum
1122 1903 1264 1979 incaute
1288 1903 1331 1978 in

341 2023 481 2112 sutum,
507 2051 596 2109 cntra¹
611 2027 699 2098 valle
716 2023 892 2121 pervium,
919 2023 1083 2122 circaque
1100 2022 1264 2098 insessum
1280 2027 1330 2098 ab

341 2143 453 2231 hoste,
480 2142 641 2217 induxit:
673 2170 738 2216 nec
764 2142 874 2241 prius,
902 2167 1011 2239 quam
1034 2141 1144 2240 recipi
1161 2163 1241 2216 tuto
1260 2145 1328 2242 fig·

341 2289 388 2336 na
416 2289 490 2336 non
512 2281 684 2360 poterant,
710 2262 945 2336 inminentem
976 2261 1083 2360 capiti
1111 2261 1248 2336 hostem
1271 2262 1325 2336 vi·

342 2381 409 2454 dit
459 2384 561 2455 Dum
588 2380 627 2453 id
650 2407 766 2454 morae
789 2380 1006 2456 Samnitibus
1033 2381 1095 2468 est,
1126 2383 1246 2480 quoad
1272 2403 1327 2456 to-

341 2523 421 2574 tum
451 2500 488 2574 in
511 2502 638 2574 vallem
672 2500 833 2574 infimam
863 2497 1087 2574 demitterent
1113 2525 1255 2598 agmen,
1284 2505 1326 2577 P.

343 2619 479 2696 Decius
498 2618 661 2694 tribunus
682 2619 840 2694 militum
857 2618 1029 2717 conspicit
1053 2645 1170 2694 unum
1186 2620 1327 2696 editum

344 2737 383 2813 in
398 2739 486 2814 saltu
503 2742 646 2828 collem,
672 2738 907 2813 inminentem
924 2739 1080 2814 hostiurn
1095 2739 1223 2828 castris,
1250 2739 1325 2815 edi·

341 2880 382 2934 tu
406 2861 560 2934 arduum
582 2857 745 2956 inpedito
768 2857 917 2957 agmini,
948 2858 1122 2956 expeditis
1140 2861 1238 2934 haud
1255 2858 1323 2934 dif-

342 2977 488 3054 ficilem.
536 2981 661 3075 Itaque
678 2977 814 3052 consuli
829 2977 950 3052 territo
972 2977 1096 3067 animi,
1128 2978 1325 3054 “Videsne

343 3109 370 3146 “
388 3103 465 3188 tu,''
498 3098 630 3197 inquit,
657 3108 684 3142 “
703 3103 751 3172 A.
776 3097 931 3186 Corneli,
958 3125 1130 3174 cacumen
1153 3097 1245 3172 illud
1270 3099 1325 3174 su·
1355 3174 1357 3182 ι

343 3230 370 3263 “
387 3245 451 3315 pra
475 3219 639 3292 hostem?
688 3221 767 3291 Arx
788 3217 847 3290 illa
873 3217 923 3290 est
947 3217 1020 3316 spei
1037 3216 1224 3318 salutisque
1246 3217 1324 3294 nos-

345 3349 371 3382 “
389 3361 473 3425 trae,
509 3341 651 3424 tenu,
676 3362 787 3434 quam
814 3335 908 3411 caeci
941 3337 1112 3435 reliquere
1139 3338 1325 3427 Samnites,

344 3455 528 3554 “inpigre
557 3455 729 3553 capimus.
792 3459 851 3530 Ne
885 3477 924 3529 tu
955 3456 1044 3531 mihi
1078 3460 1172 3556 plus,
1213 3483 1324 3556 quam

344 3574 494 3650 “unius
521 3573 670 3672 legionis
699 3574 875 3672 principes
902 3574 1134 3675 hastatosque,
1173 3577 1324 3652 dederis.

253 3766 258 3774 .
345 3697 486 3771 “Cum
511 3692 644 3792 quibus
672 3692 737 3768 ubi
760 3693 897 3769 evasero
925 3695 962 3770 in
992 3694 1187 3786 summum,
1218 3723 1324 3796 perge

345 3827 371 3861 “
389 3815 474 3890 hinc
504 3813 605 3888 omni
641 3813 731 3887 liber
759 3835 873 3903 metu,
920 3836 1027 3912 teque
1057 3821 1092 3890 &
1128 3815 1326 3892 exercitum

344 3948 371 3981 ‘⁴
389 3935 493 4011 serva.
552 3936 683 4032 Neque
717 3933 815 4008 enim
842 3935 977 4009 moveri
1004 3936 1124 4038 hostis,
1151 3935 1327 4034 subjeetus

345 4067 371 4102 “
389 4053 493 4134 nobis
510 4055 557 4130 ad
573 4079 695 4129 omnes
712 4051 816 4143 ictus,
842 4058 911 4130 fine
928 4054 989 4131 sua
1006 4055 1163 4156 pernicie
1184 4056 1325 4157 poterit.
