3067 5342
383 675 456 762 416
717 671 1030 745 T.Lrvrr

379 863 487 942 atque
512 843 582 918 alio
600 844 791 921 certamine
811 867 1036 944 occupatam,
1060 839 1201 918 invadit
1208 871 1221 928 ;
1248 835 1362 914 clami·

380 981 469 1050 tans,
495 962 722 1040 “summum
744 965 922 1064 flagitium
944 965 1033 1052 fore,
1061 965 1256 1038 tialterurn
1273 981 1364 1032 exer-

380 1091 406 1124 “
424 1080 539 1158 citum
571 1082 756 1183 utriusque
785 1083 953 1160 victoriae
986 1105 1195 1182 compotem
1223 1081 1375 1188 finerent¹

379 1211 405 1244 “
424 1201 514 1292 fieri,
540 1231 608 1282 nec
637 1203 743 1280 adse
774 1203 826 1280 sui
854 1203 939 1280 belli
968 1201 1194 1279 vindicarent
1224 1189 1377 1276 decus.”'

381 1325 466 1422 Qra
497 1321 663 1424 inpetum
700 1326 860 1412 dederat,
905 1322 1130 1422 perrumpit3
1183 1318 1366 1415 aciemque

380 1467 443 1540 per
473 1443 630 1522 mediam
658 1446 699 1520 in
724 1444 833 1520 castra
861 1443 1018 1520 hostium
1045 1441 1175 1529 tendit,
1207 1445 1243 1514 δι
1262 1461 1369 1512 vacua

381 1559 625 1639 defensoribus
644 1563 739 1662 capit
758 1585 867 1663 atque
883 1561 1055 1638 incendit.
1105 1565 1213 1663 Qrae
1229 1556 1295 1633 ubi
1311 1558 1366 1630 fla·

380 1681 517 1781 grantia
539 1681 747 1758 Marcianus
770 1683 872 1758 miles
894 1680 1090 1784 conspexit,
1121 1685 1156 1756 δι
1181 1677 1297 1754 hostes
1320 1700 1366 1749 re-

381 1799 537 1900 spuere,
568 1823 649 1877 tum
665 1805 786 1901 paffirn
804 1801 891 1902 fuga
907 1791 1038 1901 coepta'
1050 1799 1270 1877 Samnitium
1287 1794 1366 1869 fieri.

379 1921 451 1996 Sed
467 1920 591 1996 omnia
614 1921 754 2000 obtinet
781 1925 918 2010 caedes,
949 1921 1077 1998 necin
1096 1921 1212 1996 ullam
1239 1909 1366 2016 partein

383 2063 504 2118 tutum
536 2040 743 2141 perfugium
774 2041 835 2118 est.
894 2045 991 2139 Jam,
1036 2039 1183 2141 triginta
1215 2035 1366 2112 millibus

383 2159 540 2236 hostium
573 2165 689 2250 caesis,
722 2165 862 2261 signum
888 2161 1047 2261 receptui
1074 2158 1239 2237 consules
1265 2156 1365 2230 dede·

382 2300 472 2368 rant,
503 2276 803 2381 conligebantque
829 2281 868 2357 in
890 2308 1008 2358 unum
1025 2281 1158 2379 copias,
1195 2279 1235 2354 in
1257 2275 1365 2353 vicem

381 2397 473 2476 inter
503 2397 537 2474 se
568 2421 764 2499 gratantes:
806 2427 922 2502 quum
949 2422 1092 2501 repente
1123 2399 1219 2476 visae
1248 2391 1364 2496 procul

381 2517 538 2594 hostium
561 2547 674 2596 novae
695 2524 870 2610 cohortes,
901 2547 993 2622 quae
1020 2521 1059 2596 in
1081 2520 1365 2621 supplementum

381 2638 529 2738 scriptae
554 2639 706 2731 fuerant,
739 2639 958 2741 integravere
987 2644 1146 2720 caedem.
1198 2644 1241 2718 In
1271 2660 1364 2736 quas»

381 2762 555 2856 necjuffu
572 2760 776 2850 consulum,
810 2788 875 2838 nec
900 2763 998 2862 figno
1027 2783 1189 2860 accepto,
1224 2759 1365 2834 victores

382 2882 546 2968 vadunt3
588 2891 615 2924 “
649 2883 744 2958 malo
768 2881 941 2960 tirocinio
973 2881 1203 2958 inbuendum
1236 2873 1365 2955 Samni·

383 3011 409 3044 “
427 3003 538 3088 tem‚”
570 3001 802 3078 clamitantes.
851 3003 1046 3102 Indulgent
1072 2999 1236 3080 consules
1261 2995 1364 3097 legio·

381 3146 472 3196 num
493 3121 625 3208 ardori,
650 3141 693 3195 ut
723 3119 788 3220 qui
812 3124 924 3219 probe
947 3121 1087 3210 scirent,
1117 3147 1256 3197 novum
1278 3113 1365 3196 mili·

383 3262 455 3316 tem
479 3239 638 3314 hostium
670 3240 762 3315 inter
790 3239 968 3339 perculsos
998 3239 1085 3341 fuga
1109 3262 1292 3316 veteranos
1323 3257 1363 3308 ne

383 3361 554 3435 tentando
582 3357 732 3458 quidem
758 3359 837 3436 satis
867 3361 1050 3437 certamini
1068 3359 1153 3436 fore.
1202 3365 1284 3437 Nec
1310 3379 1363 3430 eos

382 3477 506 3579 opinio
535 3476 671 3553 fefellit.
720 3481 857 3556 Omnes
887 3479 1103 3557 Samnitium
1136 3479 1272 3586 copiae,
1308 3499 1362 3549 ve·

381 3622 470 3676 teres
498 3623 697 3698 novaeque,
727 3621 865 3676 montes
894 3601 1076 3701 proximos
1099 3600 1186 3701 fuga
1209 3597 1360 3699 capiunt.

382 3723 440 3795 Eo
456 3724 491 3796 dc
517 3721 685 3794 Romana
709 3718 856 3819 erigitur
872 3719 982 3809 acies3
1017 3747 1084 3798 nec
1101 3721 1303 3822 quidquam
1318 3711 1337 3788 s
1349 3755 1362 3772 ·

381 3839 426 3914 tis
448 3839 517 3914 tuti
540 3838 611 3914 loci
636 3837 739 3914 vidis
761 3839 823 3916 est„
875 3843 924 3916 Et
946 3844 992 3917 de
1005 3842 1118 3944 jugis,
1139 3869 1245 3944 quae
1267 3857 1362 3934 cepe·

382 3980 472 4047 rant,
498 3959 722 4047 funduntur;
749 3961 897 4059 jamque
914 3988 986 4037 una
999 3988 1088 4038 voce
1104 3985 1229 4038 ornnes
1246 3977 1363 4059 pacem

380 4081 561 4179 petebant.
611 4083 726 4169 Turn,
760 4079 880 4172 trium,
891 4086 1065 4160 mentium
1094 4083 1276 4190 fromento
1302 4077 1363 4154 im·
