3067 5342
391 699 461 770 280
757 697 805 772 T.
855 697 1049 772 Ltutt

390 891 479 969 quot
516 869 649 946 menses
682 869 803 946 stativa
831 871 869 946 in
900 897 985 971 agro
1015 868 1153 944 Antiati
1184 868 1369 944 habuisset.

391 997 501 1064 Anno
529 990 653 1090 insigni
680 991 827 1066 vistotia
851 993 897 1066 de
927 1011 980 1065 tot
1002 1015 1043 1064 ac
1069 1010 1142 1064 tam
1163 988 1369 1086 potentibus

389 1109 543 1208 populis,
574 1111 620 1184 ad
646 1113 714 1184 hoc
729 1110 916 1184 consulum
938 1109 1078 1186 alterius
1099 1109 1212 1184 nobili
1241 1131 1370 1197 morte,
1393 1123 1399 1130 ’

389 1229 529 1303 alterius
556 1233 641 1304 ficut
668 1229 773 1317 truci,
807 1229 857 1304 ita
876 1233 969 1304 clato
990 1231 1035 1303 ad
1058 1227 1280 1315 memoriam,
1303 1227 1371 1302 im·

389 1347 500 1448 perio,
528 1348 712 1424 successere
736 1348 896 1424 consules
927 1347 987 1424 Ti.
1005 1347 1182 1424 Aemilius
1211 1349 1372 1422 Mamer·

389 1469 491 1544 cinus
522 1473 635 1571 &Q
659 1469 836 1545 Publilius
856 1469 980 1556 Philo,
1012 1494 1128 1566 neque
1157 1467 1196 1541 in
1221 1463 1370 1540 srtnilem

388 1588 569 1664 materiam
595 1615 726 1677 rerum,
759 1593 794 1664 sc
820 1587 882 1687 ipfi
905 1609 967 1662 aut
982 1586 1122 1663 suarum
1138 1611 1271 1673 terum,
1303 1607 1369 1659 aut

389 1708 543 1806 partium
568 1707 605 1781 in
632 1707 815 1806 republica
830 1707 955 1806 magis,
989 1733 1097 1805 quam
1115 1704 1259 1804 patriae,
1292 1731 1370 1779 me-

390 1851 515 1900 mores.
566 1827 727 1916 Latinos,
758 1827 913 1902 obitam
935 1827 1009 1925 agri
1026 1827 1134 1900 anriffi
1150 1827 1373 1913 rebellantes,

389 1945 427 2020 in
452 1946 583 2046 campis
615 1946 821 2022 Feneslanis
845 1945 1026 2034 fuderunt,
1053 1945 1238 2042 castrisque
1260 1970 1371 2018 exue·

390 2087 484 2141 runt.
551 2067 606 2142 Ibi
638 2066 808 2156 Publilio,
856 2067 956 2162 cujus
985 2068 1096 2142 duClu
1129 2063 1288 2162 auspicio
1315 2090 1372 2138 tes

391 2187 505 2285 gestae
536 2207 644 2274 erant,
679 2186 716 2260 in
747 2185 968 2260 deditionem
996 2187 1191 2284 accipiente
1220 2182 1372 2258 latinos

393 2307 558 2404 populos,
589 2331 741 2403 quorum
759 2305 810 2380 ibi
820 2307 990 2401 juventus
1013 2305 1110 2381 caesa
1125 2325 1210 2391 erat,
1244 2303 1370 2378 Aemi·

392 2423 461 2498 lius
484 2427 529 2497 ad
554 2427 695 2500 Pedum
721 2425 917 2500 exercitum
942 2423 1059 2498 duxit.
1109 2426 1270 2499 Pedanos
1292 2447 1371 2498 tue·

390 2545 494 2618 batur
507 2544 654 2632 Tiburs,
678 2543 933 2632 Praenestinus,
968 2543 1237 2642 Veliternusque
1253 2569 1368 2642 popu·

392 2666 463 2738 lus:
499 2685 665 2738 venerant
694 2668 728 2737 &
755 2667 800 2738 ab
825 2661 992 2737 lanuvio
1015 2661 1200 2760 Antioque
1223 2661 1368 2736 auxilia.

391 2782 469 2856 Ubi
500 2808 615 2880 quum
646 2783 786 2882 proeliis
818 2781 967 2880 quidem
996 2779 1151 2880 superior
1180 2787 1369 2858 Romanus

391 2903 485 2988 esset,
517 2903 563 2974 ad
580 2905 704 2976 urbem
723 2901 830 3000 ipsam
847 2903 987 2976 Pedum
1000 2901 1178 3000 castraque
1195 2902 1369 2977 socionrm

391 3021 621 3118 populorum,
661 3046 751 3119 quae
780 3020 862 3096 urbi
891 3021 1056 3118 adjunsta
1087 3044 1197 3109 erant,
1234 3021 1371 3122 integer

335 3159 339 3167 ·
392 3141 491 3214 labor
510 3138 665 3228 restaret3
700 3142 793 3215 bello
809 3139 941 3214 infecto
955 3162 1097 3238 tepente
1114 3141 1251 3231 omisso,
1283 3169 1369 3217 con·

392 3257 458 3347 sul,
489 3259 574 3356 quia
590 3261 743 3358 collegae
767 3262 951 3334 decretum
977 3260 1201 3359 triumphurn
1217 3261 1368 3351 audivit,

392 3375 463 3474 ipse
496 3403 642 3476 quoque
672 3377 843 3477 triumphi
868 3401 948 3454 ante
983 3379 1167 3454 victoriam
1195 3381 1369 3482 flagitator

394 3498 552 3569 Romam
585 3497 699 3572 rediit.
746 3503 831 3599 Qta
855 3499 1050 3597 cupiditate
1080 3499 1229 3577 obsensrs
1258 3503 1368 3578 Patri·

393 3617 474 3701 bus,
509 3615 801 3715 negantibusque,
826 3618 887 3691 nifi
914 3620 1014 3693 Pedo
1030 3641 1134 3719 capto
1150 3642 1213 3696 aut
1231 3621 1368 3709 dedito,

394 3732 630 3832 triumphum,
664 3735 748 3810 hinc
774 3736 943 3812 alienatus
968 3743 1013 3814 ab
1039 3738 1158 3815 senatu
1191 3739 1369 3816 Aemilius

394 3853 559 3929 seditiosrs
584 3853 820 3930 tribunatibus
837 3858 983 3932 srmilem
1000 3861 1131 3934 deinde
1147 3859 1368 3936 consulatum

394 3977 501 4073 geffrt.
552 3974 648 4051 Nam
675 4001 805 4074 neque,
839 3981 959 4075 quoad
985 3979 1056 4053 suit
1081 3979 1216 4070 consul,
1250 3981 1368 4056 crimi-

394 4094 468 4168 nari
485 4097 581 4194 apud
600 4097 777 4194 populum
793 4099 911 4172 Patres
932 4099 1077 4189 destitit,
1107 4103 1242 4200 collega
1257 4103 1369 4175 haud-
