3067 5342
417 744 486 836 146
757 742 1072 817 T.Lrvrr

414 918 559 994 Gabino
576 916 766 993 consediffe
784 918 1039 1005 nunciabatur,
1069 912 1211 989 interim
1233 909 1379 985 tribunos

414 1038 528 1135 plebis
544 1037 639 1111 fama
653 1065 694 1113 ea
709 1037 782 1135 ipsa
798 1036 988 1112 irritaverat
1005 1035 1117 1135 magis
1134 1035 1180 1107 ad
1196 1028 1380 1129 susceptum

413 1182 605 1247 certamen,
622 1184 732 1256 quam
748 1160 972 1232 deterruerat.
1023 1160 1154 1255 Neque
1171 1152 1267 1225 aliud
1283 1150 1324 1223 ad
1339 1146 1381 1247 se·

415 1277 592 1351 ditionem
609 1276 904 1377 exstinguendam
923 1274 960 1349 in
976 1278 1078 1362 urbe,
1097 1298 1208 1371 quam
1217 1294 1322 1369 prope
1338 1267 1383 1341 in·

415 1398 529 1471 latum
545 1397 734 1471 moenibus
748 1396 826 1497 ipsis
843 1398 992 1483 bellum,
1007 1394 1128 1468 valuit

466 1519 640 1591 XXVIII.
662 1521 759 1592 Nam
777 1542 893 1615 quum
910 1517 993 1589 effer
1008 1511 1241 1589 Praenestinis
1254 1508 1384 1587 nuncia-

418 1657 510 1725 tum,
529 1638 668 1711 nullum
685 1634 882 1711 exercitum
895 1632 1133 1732 conscriptum
1151 1636 1302 1719 Romae,
1319 1630 1388 1703 nul·

419 1758 496 1829 lum
509 1757 640 1835 ducem
651 1777 787 1831 certum
802 1758 881 1843 effe,
899 1757 1017 1828 Patres
1032 1780 1071 1829 ac
1082 1755 1225 1852 plebem
1240 1753 1276 1826 in
1292 1750 1387 1825 seme-

418 1874 524 1975 tipsos
533 1875 663 1951 versos:
682 1879 900 1950 occafionem
913 1872 974 1947 rati
989 1876 1098 1979 duces
1116 1899 1256 1959 eorum,
1274 1870 1388 1969 raptim

417 1997 559 2096 agmine
574 1998 665 2084 ano,
684 1994 881 2093 pervastatis
897 1991 1058 2093 protinus
1074 1993 1180 2093 agris,
1205 1994 1250 2071 ad
1265 2012 1389 2091 portam

417 2116 595 2191 Collinam
613 2118 707 2213 figna
723 2114 883 2189 intulere.
908 2115 1037 2214 Ingens
1052 2112 1089 2188 in
1106 2116 1197 2189 urbe
1217 2106 1389 2209 trepidatio

418 2234 499 2309 fuit.
525 2236 798 2307 Conclamatum
815 2243 840 2277 “
859 2235 905 2307 ad
918 2238 1049 2323 arma,”
1064 2230 1343 2329 concursumque
1357 2228 1390 2299 in

421 2378 542 2427 muros
551 2373 657 2449 atque
672 2376 787 2450 portas
798 2352 864 2427 est:
877 2355 1108 2452 tandemque,
1122 2356 1169 2429 ab
1180 2351 1343 2427 seditione
1352 2346 1390 2419 ad

420 2474 557 2547 bellum
572 2474 669 2561 versi,
693 2472 900 2547 diclatorem
917 2476 964 2547 T.
978 2472 1197 2574 Qindtium
1215 2468 1391 2547 Cincinna-

421 2611 500 2666 tum
510 2618 680 2666 creavere.
705 2593 739 2665 Is
749 2590 955 2691 magistrum
968 2591 1132 2691 equitum
1145 2596 1195 2666 A.
1206 2584 1391 2689 Semproni-

419 2738 484 2785 um
503 2712 708 2787 Atratinum
726 2711 830 2787 dixit.
855 2711 1041 2813 Qrodubi
1053 2710 1222 2787 auditum
1238 2710 1299 2797 est,
1311 2713 1390 2805 (tan-
1425 2710 1427 2717 ’

422 2854 480 2907 tus
507 2834 582 2929 ejus
611 2831 830 2932 magistratus
859 2852 966 2907 terror
991 2832 1078 2926 erat)
1110 2833 1214 2905 fimul
1245 2828 1351 2904 hostes
1376 2850 1393 2897 a

421 2953 610 3029 moenibus
631 2954 805 3041 recellere,
833 2956 866 3026 Ic
880 2950 1038 3048 juniores
1059 2952 1222 3025 Romani
1243 2950 1287 3023 ad
1309 2946 1393 3023 edic·
1508 2986 1509 3037 r

422 3094 501 3147 tum
518 3076 587 3147 sme
611 3072 850 3147 retrafi'tatione
873 3096 1078 3146 convenere.
1130 3072 1238 3145 Dum
1260 3065 1395 3143 conscri-
1508 3120 1509 3163 ,

423 3193 522 3269 bitur
554 3194 694 3267 Romae
724 3191 911 3280 exercitus,
945 3191 1052 3265 castra
1077 3189 1222 3266 interim
1255 3186 1395 3263 hostium
1508 3174 1509 3195 ¹

423 3314 523 3387 haud
547 3314 672 3410 procul
704 3311 801 3385 Allia
826 3310 975 3385 flumine
1005 3314 1133 3409 posita:
1165 3309 1252 3385 inde
1281 3332 1394 3408 agrum
1508 3294 1509 3383 ?

423 3434 490 3506 late
513 3432 734 3528 populantes,
765 3430 950 3506 “fatalem
978 3430 1010 3505 se
1035 3429 1115 3506 urbi
1143 3432 1327 3505 Romanae
1349 3428 1393 3501 lo·
1508 3464 1509 3473 κ

424 3562 450 3605 ·“
470 3576 555 3639 cum
573 3552 733 3648 copille,'’
767 3549 858 3625 inter
870 3548 1106 3647 sejadlabant:
1138 3560 1163 3595 ‘⁶
1183 3549 1329 3625 fimilem
1342 3572 1394 3647 pa-

425 3683 451 3716 “
469 3681 594 3745 vorem
610 3668 694 3743 inde
707 3697 748 3743 ac
765 3668 888 3769 fugam
906 3669 993 3760 fore,
1010 3698 1051 3746 ac
1065 3671 1159 3747 bello
1173 3672 1313 3746 Gallico
1328 3667 1395 3743 fue·

426 3805 451 3839 “
470 3791 526 3868 rit.
579 3789 738 3879 Etenim,
760 3793 784 3863 st
800 3790 911 3880 diem,
931 3794 1136 3867 contadium
1153 3792 1333 3891 religione,
1351 3786 1396 3859 in-

426 3927 452 3960 “
471 3918 675 4014 signemque
699 3908 844 3984 nomine
862 3911 935 4006 ejus
951 3910 1034 3999 loci,
1065 3910 1213 3987 timeant
1234 3904 1395 3992 Romani,

427 4046 453 4078 “
472 4055 606 4132 quanto
622 4030 736 4131 magis
751 4030 896 4106 Alliensi
914 4028 973 4105 die
988 4030 1121 4105 Alliam
1138 4031 1260 4130 ipsam,
1277 4052 1395 4107 monu-

426 4166 451 4199 “
470 4174 635 4228 mentum
652 4173 767 4227 tantae
782 4150 905 4241 cladis,
935 4151 1243 4230 reformidaturos?
1266 4146 1395 4251 Species
