3067 5342
404 642 472 717 130
734 616 1052 691 T.L1v11

404 802 430 836 “
449 790 612 891 quandae
633 788 713 865 sunt
735 790 930 865 didaturae
952 788 1240 887 consulatusque,
1269 806 1309 857 ut
1329 810 1380 859 ca·

404 922 430 957 “
446 935 514 1011 put
535 913 703 986 adtollere
730 916 899 986 Romana
925 913 1044 1010 plebes
1071 912 1185 1009 podir.
1236 904 1382 981 Proinde

405 1042 431 1077 “
449 1032 579 1120 adeste,
605 1031 791 1131 prohibete
817 1032 878 1127 jus
905 1033 949 1107 de
979 1030 1144 1129 pecuniis
1172 1026 1258 1103 dici.
1308 1030 1382 1125 Ego

406 1162 507 1226 “me
524 1174 713 1251 patronum
731 1154 898 1249 profiteor
913 1151 1041 1251 plebis,
1076 1152 1180 1251 quod
1202 1148 1292 1225 mibi
1308 1172 1385 1223 cura

407 1282 433 1317 “
451 1299 532 1347 mea
553 1276 588 1347 δι
606 1274 694 1347 fides
711 1299 843 1347 nomen
859 1271 989 1348 induit.
1039 1275 1113 1347 Vos
1129 1274 1153 1347 sr
1172 1296 1249 1369 quo
1266 1265 1383 1367 insigni

406 1403 432 1437 “
451 1392 565 1493 magis
581 1391 723 1491 imperii
737 1390 921 1467 honorisve
936 1392 1081 1467 nomine
1098 1392 1256 1467 vestrum
1273 1388 1384 1487 adpel-

407 1524 432 1556 “
451 1511 569 1589 labitis
585 1514 731 1601 ducem,
766 1540 810 1587 eo
836 1512 987 1587 utemini
1012 1512 1213 1611 potentiore
1231 1512 1277 1585 ad
1299 1506 1384 1583 obti-

408 1644 434 1679 “
452 1634 571 1707 nenda
589 1660 642 1721 ea,
673 1660 765 1732 quae
782 1632 923 1707 vultis.'’
973 1635 1061 1707 Inde
1079 1634 1123 1707 de
1138 1658 1252 1733 regno
1265 1626 1384 1731 agendi

407 1776 527 1829 ormm
546 1752 692 1827 initium
709 1752 860 1829 dicitur:
891 1752 949 1828 sed
964 1779 1030 1828 nec
1046 1778 1131 1827 cum
1148 1753 1298 1851 quibus,
1326 1774 1386 1822 nec

409 1876 582 1974 quemad
608 1876 717 1949 finem
741 1874 883 1949 confilia
907 1874 1142 1973 pervenerint,
1170 1874 1221 1949 sat
1247 1873 1386 1970 planum

408 1994 567 2069 traditur.

468 2116 572 2189 XIX.
600 2118 651 2186 At
677 2112 715 2187 in
737 2134 834 2211 parte
852 2116 957 2189 altera
978 2112 1115 2189 senatus
1132 2116 1178 2189 de
1197 2112 1385 2193 secessione,

409 2233 449 2307 in
471 2233 623 2305 domum
648 2231 834 2331 privatam,
861 2233 988 2332 plebis,
1022 2232 1111 2309 forte
1128 2234 1241 2309 etiam
1258 2233 1296 2307 in
1318 2252 1386 2303 arce

410 2355 570 2453 positam,
614 2356 648 2426 ἃ
691 2352 880 2428 inminenti
923 2356 1017 2429 mole
1052 2352 1223 2445 libertati,
1276 2350 1385 2453 agitat

410 2474 550 2571 Magna
572 2500 650 2570 pars
672 2472 921 2562 vociferantur,
957 2484 981 2519 “
998 2474 1146 2549 Servilio
1162 2476 1281 2551 Ahala
1305 2492 1385 2569 opus

412 2604 438 2636 ‘⁶
454 2596 536 2680 elle,
564 2592 720 2689 quinon
752 2592 789 2667 in
819 2591 963 2669 vincula
985 2595 1070 2670 duci
1092 2596 1260 2693 jubendo
1286 2589 1386 2665 initet

414 2723 438 2756 “
457 2712 648 2810 publicum
665 2712 815 2803 bostem,
842 2713 902 2789 sed
920 2713 1026 2789 unius
1037 2716 1176 2812 jastura
1193 2712 1281 2791 civis
1297 2706 1385 2785 finiat
1490 2716 1491 2721 ’

413 2832 665 2907 “intestinum
692 2835 862 2909 bellum.'’
912 2833 1123 2909 Decurritur
1147 2836 1195 2909 ad
1226 2830 1385 2908 leniorem
1489 2818 1490 2821 ¹

414 2953 529 3028 verbis
540 2952 759 3042 sententiam,
783 2953 858 3028 vim
875 2974 993 3047 tamen
1011 2956 1174 3029 eamdem
1190 2957 1385 3030 habentem,

415 3084 440 3118 “
461 3076 516 3147 Ut
531 3073 676 3147 videant
693 3066 927 3173 magistratus,
961 3074 1113 3173 nequid
1131 3101 1176 3149 ex
1196 3068 1386 3175 perniciosis
1486 3130 1487 3154 ,

417 3206 442 3241 “
461 3192 611 3269 confiliis
636 3196 695 3267 M.
710 3192 842 3268 Manlii
866 3193 1063 3293 respublica
1078 3192 1285 3271 detrimenti
1301 3184 1385 3287 capi·

417 3327 442 3360 “
460 3316 530 3388 at.'’
579 3316 680 3388 Tum
706 3312 841 3389 tribuni
869 3312 1040 3390 consulari
1070 3316 1254 3414 potestate,
1284 3310 1386 3387 tribu·
1484 3350 1485 3353 ¹

415 3433 527 3532 nique
543 3432 640 3533 plebi
672 3438 771 3531 (nam
798 3438 846 3523 a,
876 3434 962 3533 quia
984 3438 1154 3511 eumdem
1179 3442 1214 3512 δι
1232 3436 1310 3513 suae
1331 3452 1386 3529 pu
1483 3450 1484 3456 ’

416 3552 559 3641 testatis,
589 3580 700 3651 quem
726 3553 895 3628 libertatis
924 3554 1103 3645 omnium,
1141 3558 1251 3633 finem
1280 3572 1386 3629 cerne·
1481 3530 1483 3619 ,¹

417 3676 517 3762 bant,
550 3676 697 3747 Patrum
719 3671 918 3749 auctoritati
942 3674 976 3749 se
1003 3675 1230 3771 dediderant)
1260 3674 1386 3751 bitum

417 3822 555 3883 omnes,
589 3793 681 3893 quid
709 3821 799 3894 opus
821 3792 915 3869 sado
932 3798 983 3883 fit,
1012 3794 1220 3871 consultant.
1270 3800 1386 3893 Qtum

417 3938 553 4017 praeter
574 3914 649 3989 vim
665 3919 698 3989 &
714 3917 861 3991 caedem
886 3914 977 3991 nihil
993 3914 1164 4015 cuiquam
1182 3920 1384 3993 obcurreret‚

419 4062 498 4111 eam
517 4057 637 4111 autem
655 4034 809 4136 ingentis
834 4034 1075 4113 dimicationis
1095 4036 1169 4113 sore
1194 4039 1383 4137 adparereti
