3067 5342
371 630 444 720 264
711 622 1024 698 T.L1v11

371 809 398 844 “
416 799 525 885 erat,”
547 793 677 894 inquit,
706 807 731 840 ‘⁸
749 797 797 870 T.
815 793 947 882 Manli,
968 790 1100 890 vosque
1115 791 1233 863 Patres
1251 787 1347 860 Con·

372 927 398 962 “
416 915 546 1015 scripti,
582 919 726 990 tandem
755 916 832 1010 jam
863 940 926 988 vos
954 909 1141 986 nobiscum
1165 905 1256 980 nihil
1281 929 1347 1002 pro

371 1035 564 1134 “imperio
600 1061 713 1135 agere,
757 1059 873 1133 quum
908 1030 1186 1108 florentissimum
1225 1028 1348 1102 Deum

372 1165 397 1202 “
416 1155 631 1258 benignitate
646 1181 741 1229 nunc
755 1153 902 1228 Latium
914 1151 1019 1227 armis
1030 1147 1196 1246 virisque,
1210 1142 1346 1219 Samni-

372 1286 398 1319 “
416 1275 515 1350 tibus¹
527 1277 621 1350 bello
637 1273 753 1362 vidis,
773 1271 940 1346 Sidicinis
956 1266 1216 1367 Campanisque
1233 1263 1347 1350 sociis,

373 1393 642 1470 “nuncetiam
668 1392 804 1468 Volscis
827 1389 1014 1488 adjunctis,
1038 1384 1202 1462 videretis
1209 1418 1223 1472 ς
1253 1385 1347 1458 colo-

373 1513 492 1588 “nias
524 1539 669 1613 quoque
693 1513 821 1586 vestras
851 1509 1024 1586 Latinum
1052 1509 1221 1580 Romano
1252 1531 1347 1603 prae-

372 1645 398 1680 “
417 1633 530 1707 mliffe
547 1632 750 1732 imperium.
792 1632 863 1706 Sed
879 1629 1050 1728 quoniam
1066 1654 1143 1715 vos,
1169 1651 1279 1724 regno
1293 1622 1346 1696 in-

374 1750 555 1850 “potenti
584 1754 692 1826 finem
723 1771 764 1824 ut
793 1749 980 1850 inponatis,
1010 1773 1084 1822 non
1116 1742 1286 1820 inducitis
1310 1742 1347 1816 in

374 1881 400 1915 “
416 1871 596 1959 animum3
626 1897 704 1960 nos,
730 1895 950 1970 quamquam
973 1867 1075 1942 armis
1092 1867 1272 1964 possumus
1288 1865 1348 1937 ad·

375 1989 526 2066 “serere
556 1989 705 2065 Latium
739 1989 778 2062 in
807 1989 1017 2075 libertatem,
1055 1981 1349 2082 consanguinitati

375 2120 400 2160 “
419 2131 536 2184 tamen
564 2112 632 2184 hoc
655 2107 834 2196 dabimus,
853 2130 894 2184 ut
916 2105 1137 2184 conditiones
1152 2103 1247 2203 pacis
1263 2101 1348 2178 sera·

377 2239 500 2302 “mus
529 2255 656 2328 aequas
687 2227 856 2327 utrisque,
884 2227 1054 2326 quoniam
1084 2225 1175 2299 vires
1203 2247 1347 2323 quoque

377 2347 559 2446 “aequari
588 2347 668 2422 Diis
690 2347 935 2422 inmortalibus
965 2344 1113 2446 placuit:
1158 2341 1349 2419 Consulem

377 2479 403 2514 “
421 2471 569 2542 alterum
583 2469 715 2555 Roma,
732 2469 881 2541 alterum
891 2493 936 2540 ex
952 2463 1059 2540 Latio
1076 2462 1183 2540 creari
1196 2484 1348 2562 oportet:

377 2598 403 2634 “
422 2585 554 2662 senatus
571 2607 705 2686 partem
726 2611 876 2684 aequam
899 2611 945 2659 ex
970 2607 1119 2683 utraque
1140 2605 1244 2683 gente
1260 2585 1347 2658 effe:

378 2717 404 2750 “
421 2732 538 2780 unum
555 2707 744 2804 populum,
769 2730 878 2778 unam
901 2704 1158 2803 rempublicam
1178 2702 1275 2777 fieri:
1302 2707 1348 2791 ἃ,

379 2837 464 2900 “ut
487 2824 624 2922 imperii
647 2826 771 2898 eadem
794 2823 889 2899 sedes
914 2828 965 2912 fit,
991 2824 1160 2922 idemque
1185 2823 1351 2898 omnibus

379 2957 405 2990 “
423 2970 567 3034 nomen,
604 2942 774 3042 quoniam
807 2947 851 3018 ab
882 2945 1045 3018 alterutra
1075 2965 1172 3042 parte
1189 2941 1350 3018 ‚concedi

380 3075 406 3110 “
424 3067 557 3139 necesse
574 3063 641 3151 est3
673 3065 772 3163 quod
790 3062 946 3160 utrisque
963 3066 1053 3138 bene
1068 3085 1191 3150 vertat,
1212 3066 1251 3136 sit
1266 3065 1351 3137 haec

379 3196 406 3256 t‘
422 3185 498 3260 sane
515 3183 625 3283 patria
642 3184 769 3282 potior,
790 3188 824 3258 δι
842 3183 998 3284 Romani
1012 3210 1135 3258 omnes
1151 3185 1353 3258 vocemur?

379 3307 484 3379 Forte
503 3305 551 3378 ita
566 3302 709 3391 accidit,
735 3326 776 3378 ut
798 3329 919 3399 parem
935 3301 1082 3376 ferociae
1104 3303 1259 3399 hujus&
1277 3305 1352 3378 Ro·

379 3423 476 3498 mani
493 3421 672 3497 consulem
691 3425 738 3496 T.
761 3421 944 3496 Manlium
965 3425 1148 3498 haberent:
1178 3422 1243 3521 qui
1264 3425 1352 3497 adeo

378 3567 452 3615 non
469 3540 584 3614 tenuit
596 3539 695 3628 itam,
707 3561 773 3630 ut,
795 3545 819 3614 fi
833 3562 929 3615 tanta
941 3542 1120 3616 dementia
1135 3546 1252 3618 Patres
1268 3569 1352 3618 con·

380 3659 522 3759 scriptos
542 3659 695 3756 cepisset,
719 3681 760 3733 ut
785 3663 830 3734 ab
849 3661 969 3735 Setino
991 3663 1136 3737 homine
1152 3666 1246 3762 leges
1261 3661 1353 3738 acci·

380 3801 514 3882 petent,
544 3777 662 3878 gladio
684 3778 843 3854 clusium
865 3779 903 3853 in
925 3779 1083 3855 senatum
1108 3803 1299 3856 venturum
1318 3780 1353 3855 se

380 3903 460 3988 effe,
495 3901 609 3996 palam
636 3896 780 3985 diceret,
815 3904 863 3989 &,
903 3926 1158 3999 quemcunque
1192 3901 1231 3976 in
1256 3901 1354 3978 curia

376 4017 549 4094 Latinum
565 4016 717 4106 vidisset,
743 4017 805 4092 sua
825 4044 935 4094 manu
959 4019 1241 4097 interemtumm.
1291 4025 1353 4110 Et,
