3067 5342
489 667 816 745 LrnraV.
1106 695 1148 769 ¹5
1264 728 1267 735 .

187 840 297 920 ‘sessa
325 838 431 916 semel
460 867 620 918 amovere
653 845 765 941 poffit,
805 867 869 918 nec
899 843 1008 917 finem
1033 845 1149 919 ullum

174 973 200 1006 ‘⁶
218 961 328 1036 aliurn
346 960 443 1048 belli,
469 987 578 1059 quarn
599 961 796 1049 victoriam,
826 961 963 1038 noverit
970 996 982 1048 ;
1006 989 1072 1037 nec
1095 963 1149 1036 in-

173 1093 199 1126 “
220 1103 303 1179 petu
334 1080 453 1178 potius
480 1083 583 1169 bella,
621 1108 730 1180 quam
749 1081 1008 1179 perseverantia,
1031 1087 1149 1181 gerat?

173 1213 199 1244 “
218 1227 308 1298 quae
335 1201 373 1273 in
400 1201 499 1275 omni
530 1199 678 1298 quidem
704 1226 830 1299 genere
856 1200 1015 1289 militiae,
1052 1229 1150 1277 max-

174 1332 199 1365 “
218 1319 289 1394 ime
300 1341 418 1414 tamen
435 1321 472 1394 in
482 1319 680 1396 obsidendis
695 1321 858 1409 urbibus,
880 1321 1063 1396 necessaria
1080 1323 1149 1413 est;

174 1450 370 1538 “quarum
400 1438 591 1538 pleresque,
626 1439 888 1514 munitionibus
924 1467 964 1514 ac
1003 1445 1152 1518 naturali

173 1571 199 1604 “
218 1564 281 1634 srtu
308 1559 612 1658 inexpugnabiles,
651 1559 743 1632 same
775 1559 900 1657 sitique
931 1582 1070 1659 tempus
1098 1563 1150 1662 ip

173 1691 200 1724 “
219 1678 296 1753 sum
310 1678 423 1752 vincit
445 1699 551 1776 atque
568 1700 763 1778 expugnat:
787 1684 874 1754 ficut
888 1681 993 1776 Vejos
1015 1708 1149 1782 expug-

176 1809 201 1842 “
221 1798 318 1873 nabit
325 1833 337 1886 ;
367 1797 426 1871 nifi
449 1797 582 1872 auxilio
596 1798 754 1872 hostibus
781 1799 913 1873 tribuni
939 1801 1051 1898 plebis
1073 1801 1150 1876 fue·

174 1929 200 1961 “
219 1917 302 2005 rint,
329 1921 365 1991 ἃ
397 1920 536 1992 Rornae
568 1917 764 1994 invenerint
792 1918 956 2016 praefidia
975 1922 1149 2016 Vejentes,

175 2047 200 2080 “
219 2064 309 2135 quae
339 2037 584 2135 nequidquam
613 2036 651 2111 in
686 2037 825 2113 Etruria
857 2061 1039 2136 quaerunt.
1090 2047 1150 2115 An

174 2168 200 2202 “
219 2156 269 2230 el’t
278 2155 491 2254 quidquam,
517 2159 618 2253 quod
642 2157 847 2253 Vejentibus
863 2179 1024 2255 optatum
1037 2187 1151 2259 aeque

175 2286 201 2319 “
219 2275 423 2373 contingere
435 2279 547 2373 possit,
575 2303 683 2374 quarn
699 2299 740 2352 ur
753 2276 984 2354 seditionibus
996 2278 1151 2378 primum

175 2399 303 2470 “urbs
323 2398 499 2483 Romana,
530 2395 661 2469 deinde
680 2399 778 2470 velut
800 2423 845 2472 ex
858 2398 1068 2497 contagione
1082 2398 1151 2473 cas-

176 2525 201 2558 “
220 2535 273 2588 tra
300 2513 529 2612 inpleantur?
596 2521 660 2603 At,
709 2519 865 2605 hercule,
905 2520 1002 2616 apud
1037 2519 1152 2593 hostes

175 2644 201 2679 “
219 2655 314 2708 muta
339 2635 510 2710 modestia
538 2636 601 2724 est,
636 2657 776 2710 utnon
804 2637 994 2712 obsidionis
1020 2638 1151 2727 taedi0,

176 2765 201 2798 “
221 2781 293 2828 non
317 2755 474 2853 denique
509 2755 621 2856 regni,
647 2756 849 2854 quidquam
875 2759 971 2854 apud
999 2785 1059 2831 eos
1087 2785 1151 2832 no-

176 2885 202 2918 “
221 2896 343 2948 vatum
369 2878 426 2962 fit3
450 2901 523 2950 non
540 2897 666 2974 negata
682 2875 814 2950 auxilia
835 2879 881 2950 ab
899 2874 1053 2950 Etmscis
1077 2876 1152 2950 irri-

177 3004 203 3038 “
222 2993 370 3068 taverint
410 2995 557 3069 animos.
607 2995 785 3069 Morietur
821 2995 918 3069 enim
957 2998 1152 3093 extemp10,

177 3113 443 3211 “quicumque
474 3115 539 3189 erit
571 3112 751 3190 seditionis
780 3118 912 3190 nudor.
961 3117 1043 3189 Nec
1076 3115 1152 3190 cui-

176 3244 203 3277 “
221 3259 330 3329 quam
357 3233 474 3308 dicere
498 3261 539 3308 ea
554 3234 689 3323 licebit,
716 3261 808 3332 quae
826 3236 924 3333 apud
939 3261 1002 3308 vos
1018 3234 1152 3334 inpune

178 3363 203 3396 “
223 3351 402 3426 dicuntur.
452 3353 678 3428 Fustuarium
707 3377 872 3442 meretur,
896 3354 962 3452 qui
986 3358 1081 3454 signa
1101 3381 1153 3428 re-

176 3481 203 3514 ‘⁴
222 3470 367 3569 linquit,
393 3494 454 3546 aut
480 3473 647 3570 praesidio
670 3473 822 3548 decedit.
873 3477 1046 3548 Austores
1060 3478 1155 3573 figna

179 3602 203 3635 ‘⁶
222 3591 461 3690 relinquendi,
487 3596 521 3666 dr
546 3591 727 3668 deserendi
751 3593 871 3681 castra,
901 3620 973 3667 non
1002 3592 1066 3666 uni
1093 3615 1154 3666 aut
1181 3686 1184 3690 y

58 3776 61 3782 .
179 3723 204 3755 “
221 3711 319 3786 alteri
332 3711 452 3798 militi,
478 3711 538 3785 sed
558 3713 722 3785 universis
736 3712 961 3801 exercitibus,
986 3715 1101 3811 palam
1116 3713 1153 3785 in

180 3843 204 3874 “
223 3832 395 3906 concione
409 3832 615 3906 audiuntur.
665 3833 771 3906 Adeo
793 3831 975 3930 quidquid
991 3831 1154 3906 tribunus

179 3961 205 3995 “
223 3951 319 4050 plebi
336 3950 507 4050 loquitur,
535 3955 594 4026 etfi
610 3953 812 4050 prodendae
828 3951 956 4049 patriae
969 3951 1154 4026 dissolven-

180 4082 206 4114 “
222 4073 361 4171 daeque
375 4070 589 4170 reipublicae
613 4072 676 4159 est,
702 4070 868 4146 adsuestis
890 4071 996 4170 aequi
1011 4071 1133 4147 audire
1139 4107 1153 4161 3
