3067 5342
412 677 483 776 &6
741 699 1084 750 cessans

415 849 560 956 Vestalis
577 849 699 958 incesti
716 847 888 932 damnata
916 851 973 959 ιβ.
1030 847 1233 963 Ausonibus
1264 848 1387 945 omn,
1517 872 1518 875 ’

410 979 449 1062 in
472 981 637 1090 oppidum
660 1013 703 1064 ex
729 983 775 1062 iis
806 1000 950 1092 captum
974 982 1079 1064 Cales
1095 983 1228 1063 colonia
1240 981 1390 1062 deducio

411 1112 472 1220 est.
501 1115 593 1194 Item
611 1115 800 1222 Fregellae
816 1114 947 1195 colonia
960 1112 1239 1221 deluaaestent.
1269 1117 1386 1194 Vene-

397 1245 531 1352 ficium
574 1245 805 1354 complurium
846 1263 1097 1327 matronarum
1138 1244 1388 1355 depreheoficm

411 1378 483 1484 est:
517 1406 671 1488 quarum
681 1377 863 1486 plurimae
874 1378 1006 1485 statim
1018 1378 1127 1487 epotis
1142 1376 1385 1460 medicamini-

412 1511 477 1591 bus
495 1509 701 1618 perierunt.
758 1512 843 1590 Lex
863 1509 906 1590 de
930 1509 1096 1614 uenercio
1119 1527 1208 1590 tunc
1225 1509 1387 1621 primum

412 1641 603 1747 cortsts'o‘uta
634 1639 1047 1748 abhorrentibus,
1078 1670 1186 1751 quum
1222 1644 1387 1754 rebellas-

398 1778 500 1883 stnt,
542 1773 653 1854 uillis
687 1773 820 1854 civitas
851 1771 940 1854 data
974 1774 1034 1879 ιβ.
1109 1774 1386 1884 Palaepolitani,

413 1905 499 1986 bello
518 1907 561 1986 δεῖ
580 1904 744 2012 obfidione
761 1904 867 2001 vini,
897 1903 936 1985 in
966 1903 1172 1986 deditionem
1195 1927 1385 1991 venerunt.

412 2040 465 2146 Q
484 2037 655 2133 Publilio,
682 2039 747 2147 qui
767 2067 821 2118 eos
846 2035 1038 2146 obsederat,
1056 2037 1178 2148 primo
1203 2041 1248 2120 &
1276 2043 1386 2152 impe-

414 2169 511 2250 rium
528 2171 727 2279 prolatum,
758 2170 802 2250 ὅ
815 2185 887 2278 pro
913 2171 1047 2278 confide
1070 2169 1233 2252 decretus
1252 2175 1386 2256 trium-

408 2301 519 2409 phus.
576 2300 685 2380 Plebs
701 2329 796 2381 nexu
808 2301 963 2382 liberata
976 2303 1029 2410 ιβ
1028 2319 1182 2412 propter
1200 2307 1254 2387 L.
1273 2306 1386 2416 Papi-

413 2431 466 2511 rii
480 2429 664 2511 creditoris
681 2429 873 2529 libidinem,
906 2431 972 2543 qui
987 2437 1034 2514 C.
1056 2435 1215 2517 Publilio
1239 2438 1394 2523 debitori

397 2567 473 2668 suo
482 2561 657 2670 stuprum
674 2548 1000 2672 inferievoluerat.
1055 2569 1178 2676 Quum
1191 2569 1246 2649 L.
1267 2571 1386 2680 Papi-

415 2692 493 2774 rius
510 2693 668 2776 diclator
684 2697 849 2803 reverstcs
865 2694 905 2775 in
923 2697 1045 2778 urbem
1062 2698 1109 2780 ab
1134 2701 1294 2782 exercitu
1312 2701 1387 2812 effen

407 2843 563 2935 propter
578 2825 736 2935 aspicia
759 2825 963 2934 repetendo,
988 2832 1041 2938 Q
1068 2831 1208 2913 Fabius
1224 2835 1385 2941 usagister

414 2956 586 3068 equiturn,
620 2959 791 3063 occasione
813 2958 871 3038 rei
891 2959 975 3040 bene
991 2962 1168 3068 gerendae
1192 2966 1384 3062 invitatus,

416 3108 541 3170 contra
559 3087 710 3170 odinum
728 3089 805 3194 ejus
828 3095 997 3201 prospere
1023 3091 1195 3204 adverstos
1213 3100 1388 3179 Samnites

406 3221 608 3331 pugnavit.
667 3220 726 3300 Ob
750 3250 827 3302 cam
851 3222 1005 3331 cauffam
1031 3254 1142 3335 quum
1170 3226 1325 3310 dublotor
1347 3227 1387 3309 de

414 3352 580 3461 magssro
593 3352 749 3464 equitum
752 3352 977 3463 stupplicium
976 3360 1173 3464 sumturus
1185 3358 1385 3456 videretur,

415 3483 555 3565 Fabius
574 3487 723 3563 Romam
735 3487 931 3593 profhgit:
967 3489 1026 3583 (θ’,
1058 3519 1166 3600 quum
1183 3491 1301 3602 cauffo
1312 3510 1386 3602 pa-

413 3644 496 3698 rum
506 3615 709 3724 proficeret,
721 3617 851 3724 populi
858 3619 1027 3726 precibus
1045 3621 1197 3704 donatus
1213 3624 1274 3730 ιβ.
1316 3626 1388 3705 Res

405 3766 600 3859 praeterea
628 3763 754 3828 contro
779 3747 958 3833 Samnites
977 3756 1146 3862 prospero
1164 3755 1286 3867 gestas
1302 3783 1385 3838 con-

411 3882 517 3962 tinet.
