3067 5342
490 719 527 794 L
553 744 567 792 1
598 743 617 793 a
647 744 668 793 a
697 743 721 794 n
773 720 872 794 Vlll.
1117 741 1187 817 293

201 885 423 984 “judicasse,
460 915 575 988 quum
610 893 873 992 receptaculum
906 888 1010 988 fugae
1049 885 1184 962 Priver-

200 1018 226 1050 “
245 1033 334 1080 num
357 1007 531 1097 habuerit,
566 1037 639 1084 non
661 1009 809 1110 patriam
839 1011 999 1084 Fundos.
1047 1006 1184 1082 Priver-

201 1137 228 1169 “
247 1126 284 1199 ni
300 1124 409 1226 igitur
423 1129 536 1202 hostes
553 1130 676 1230 populi
695 1130 853 1204 Romani
874 1127 1094 1228 quaerendos
1106 1151 1184 1223 per·
1225 1122 1229 1131 “

202 1245 513 1346 “sequendosque
540 1251 620 1338 else,
667 1249 730 1349 qui
757 1251 858 1322 fimul
884 1276 905 1322 a
931 1245 1114 1322 Fundanis
1142 1273 1183 1321 ac

202 1378 227 1410 “
247 1365 436 1454 Romanis,
466 1366 648 1468 utriusque
675 1369 805 1469 patriae
832 1369 1057 1452 inmemores,
1086 1363 1183 1440 defe-

201 1499 227 1532 “
246 1485 368 1562 cerint.
419 1487 602 1563 Fundanis
627 1515 752 1588 pacem
780 1491 860 1576 effe,
891 1493 924 1561 δι
947 1485 1085 1560 animos
1105 1487 1183 1557 Ro·

202 1616 227 1650 “
247 1631 385 1694 manos,
418 1593 607 1706 &gratam
637 1608 845 1683 memoriam
871 1629 1034 1706 acceptae
1061 1603 1183 1679 civita·

200 1735 225 1768 “
244 1725 299 1800 tis.
349 1729 457 1800 Orare
473 1725 507 1800 se
531 1727 725 1818 consulem,
756 1751 798 1802 ut
814 1731 949 1803 bellurn
965 1730 1011 1802 ab
1034 1723 1184 1800 innoxio

199 1847 380 1944 “populo
408 1845 593 1922 abstineat:
628 1876 742 1950 agros,
772 1852 913 1936 urbem,
955 1870 1102 1944 corpora
1130 1844 1183 1943 ip-

200 1977 226 2008 “
245 1965 376 2053 sorum,
409 1967 691 2067 conjugumque,
735 1995 775 2043 ac
804 1966 997 2043 liberorum
1023 1965 1182 2052 suorum,

200 2097 226 2128 “
245 2085 283 2160 in
309 2085 476 2184 potestate
498 2087 621 2186 populi
650 2088 808 2162 Romani
834 2089 915 2174 effe,
954 2085 1183 2185 futuraque.’'

199 2203 431 2280 Conlaudatis
459 2206 656 2294 Fundanis,
703 2207 838 2296 consul,
888 2206 1066 2307 literisque
1105 2208 1183 2280 Ro-

200 2351 298 2399 mam
314 2324 433 2412 miffis,
458 2323 496 2398 in
521 2326 640 2402 officio
657 2329 851 2400 Fundanos
873 2329 953 2416 effe,
983 2329 1029 2401 ad
1046 2324 1184 2401 Priver-

201 2471 291 2518 num
326 2444 427 2519 flexit
460 2442 536 2520 iter.
594 2445 697 2520 Prius
728 2444 1010 2521 animadversum
1038 2446 1076 2518 in
1108 2472 1182 2532 eos,

199 2565 264 2662 qui
277 2563 392 2664 capita
414 2564 665 2662 conjurationis
689 2565 839 2654 fuerant,
862 2593 884 2638 a
905 2564 1046 2639 consule
1062 2563 1184 2639 scribit

200 2669 390 2759 Claudius:
425 2686 471 2758 ad
494 2705 666 2760 trecentos
683 2685 945 2784 quinquaginta
965 2711 1010 2759 ex
1025 2684 1183 2778 conjura-

202 2804 246 2878 tis
273 2803 411 2881 vinctos
438 2807 595 2880 Romam
623 2805 739 2878 missos
746 2837 758 2892 3
785 2830 935 2903 eamque
962 2799 1184 2877 deditionem

200 2928 245 3000 ab
262 2924 382 2998 senatu
410 2951 483 2998 non
511 2945 715 3021 acceptam:
740 2926 841 3021 quod
866 2922 1050 3022 egentium
1076 2942 1186 3018 atque

199 3043 397 3118 humilium
413 3070 529 3142 poena
554 3040 703 3144 defungi
720 3044 810 3118 velle
827 3043 1046 3118 Fundanum
1065 3067 1183 3140 popu·

198 3167 276 3238 lum
293 3162 506 3239 censuerint.

247 3286 333 3357 XX.
365 3281 575 3356 Privernum
595 3285 739 3358 duobus
756 3283 996 3358 consularibus
1019 3283 1181 3359 exerciti-

200 3405 267 3478 bus
291 3429 410 3501 quum
436 3404 662 3491 obsideretur,
694 3404 780 3477 alter
807 3401 930 3478 consul
954 3402 1184 3478 comitiorum

199 3524 315 3597 caussa
330 3523 490 3594 Romam
519 3543 712 3596 revocatus.
762 3525 926 3597 Carceres
951 3549 996 3596 eo
1024 3549 1119 3597 anno
1145 3521 1185 3596 in

200 3640 296 3716 circo
316 3639 476 3740 primum
499 3639 630 3714 statuti.
679 3643 859 3714 Nondum
881 3640 1085 3738 persunstos
1101 3667 1186 3717 cura

199 3751 412 3835 Privernatis
436 3757 521 3835 belli
545 3761 720 3834 turnultus
748 3759 879 3834 Gallici
896 3758 990 3834 fama
1013 3781 1113 3835 atrox
1130 3761 1185 3834 in-

199 3883 295 3968 vafit,
336 3879 434 3955 haud
468 3876 578 3952 ferme
610 3903 788 3975 umquam
820 3880 980 3977 neglesta
1009 3881 1184 3954 Patribus.

201 4001 398 4098 Extemplo
435 3996 547 4098 igitur
588 3995 745 4073 consules
780 3996 878 4084 novi,
925 4000 973 4071 L.
1010 3996 1185 4073 Aemilius

200 4119 449 4196 Mamercinus
473 4123 508 4194 δι
535 4121 578 4194 C.
595 4115 771 4205 Plautius,
798 4141 841 4189 eo
858 4114 933 4214 ipso
955 4115 1029 4204 die,
1056 4119 1185 4192 Kalen-
