3067 5342
275 690 290 703 ·
378 678 446 727 102
535 641 543 657 ⁹
709 654 1025 729 T.L1v11

376 848 448 918 tur,
490 830 537 905 L
570 828 749 905 Aemilius
779 830 1012 929 praepositus:
1054 825 1193 903 tertiam
1226 846 1361 925 partem

377 946 449 1046 ipse
471 951 518 1024 ad
535 949 680 1026 Volscos
709 950 828 1025 duxit.
878 952 958 1025 Nec
976 950 1101 1048 procul
1124 951 1170 1024 ab
1193 945 1362 1021 Lanuvio

380 1074 423 1167 (“
440 1070 487 1143 ad
504 1069 715 1145 Maecium''
745 1070 774 1144 is
798 1072 898 1145 locus
920 1069 1069 1163 dicitur)
1097 1068 1206 1143 castra
1222 1069 1363 1165 obpug-

377 1216 460 1265 nare
475 1189 526 1265 est
550 1190 705 1265 adortus.
754 1188 915 1291 Qubus,
950 1192 995 1265 ab
1021 1208 1207 1265 contemtu
1244 1187 1362 1285 (quod

375 1335 487 1409 prope
506 1336 652 1385 omnem
669 1312 822 1385 deletam
846 1336 867 1385 a
890 1309 1002 1385 Gallis
1019 1312 1224 1384 Romanam
1232 1308 1362 1404 juven-

374 1452 490 1505 tutem
523 1432 721 1525 crederent)
749 1432 797 1505 ad
830 1432 967 1505 bellurn
999 1428 1178 1528 prosectis,
1219 1449 1361 1501 tanturn

376 1550 551 1627 Camillus
566 1550 710 1627 auditus
736 1550 926 1649 imperator
951 1550 1090 1625 terroris
1115 1548 1294 1635 intulerat,
1321 1566 1364 1621 ut

376 1672 469 1747 vallo
485 1670 519 1745 se
536 1670 612 1769 ipsr,
637 1672 773 1746 vallum
790 1672 965 1772 congestis
988 1670 1173 1747 arboribus
1196 1669 1360 1769 sepirent,

377 1817 423 1867 ne
459 1818 532 1889 qua
568 1791 695 1867 intrare
737 1792 785 1865 ad
822 1791 1047 1867 munimenta
1089 1790 1196 1866 bostis
1238 1792 1361 1890 posset.

375 1914 489 2015 Qrod
500 1911 566 1987 ubi
581 1910 830 1988 animadvertit
844 1912 1030 2002 Camilius,
1058 1910 1180 2012 ignem
1194 1910 1231 1985 in
1242 1909 1362 2007 objec-

377 2054 450 2108 tam
464 2032 583 2130 sepem
600 2032 729 2129 conjici
740 2034 848 2130 juffit.
900 2036 949 2108 Et
964 2032 1052 2108 sorte
1070 2054 1142 2107 erat
1155 2030 1209 2107 vis
1232 2058 1362 2132 magna

376 2152 474 2227 venti
488 2152 583 2227 versa
595 2152 633 2226 in
652 2153 801 2228 hostem.
852 2156 977 2253 Itaque
994 2180 1067 2228 non
1087 2150 1224 2254 apemit
1246 2149 1362 2226 solum

379 2271 547 2347 incendio
568 2272 678 2363 viam,
703 2273 777 2364 sed,
804 2274 956 2349 flammis
982 2275 1020 2348 in
1047 2274 1155 2349 castra
1184 2272 1362 2349 tendenti-

377 2396 457 2480 bus,
496 2418 625 2491 vapore
653 2393 761 2469 etiam
789 2420 830 2469 ac
864 2394 967 2469 fumo
996 2394 1208 2493 crepituque
1236 2392 1362 2472 viridis

378 2510 542 2587 materiae
567 2514 758 2613 flagrantis,
800 2514 850 2589 ita
881 2515 1113 2591 consternavit
1143 2516 1277 2605 hostes;
1319 2538 1362 2589 ut

376 2632 495 2709 minor
506 2636 618 2709 moles
630 2632 874 2734 superantibus
893 2637 1026 2711 vallum
1041 2635 1078 2709 in
1091 2636 1201 2712 castra
1214 2635 1359 2712 Volsco-

376 2780 457 2829 rum
473 2754 650 2831 Romanis
666 2755 786 2843 fuerit,
820 2781 930 2856 quam
957 2755 1283 2833 transcendentibus
1309 2757 1360 2831 se·

376 2900 461 2973 pem
486 2874 656 2951 incendio
679 2873 876 2951 absumtam
899 2877 1023 2953 fuerat.
1074 2880 1171 2953 Fufis
1200 2876 1361 2952 hostibus

375 2995 563 3093 caestsque‚
598 3021 713 3095 quum
740 2996 848 3072 castra
874 2997 998 3096 inpetu
1024 2998 1167 3096 cepiffet
1195 2998 1360 3086 diuaor,

376 3118 542 3214 praedam
567 3116 674 3191 militi
701 3117 816 3207 dedit,
844 3144 919 3217 quo
942 3118 1061 3193 minus
1078 3118 1259 3218 speratam,
1290 3116 1361 3193 mi-

376 3235 473 3309 nime
499 3234 662 3335 largitore
679 3237 786 3325 duce,
814 3264 857 3312 eo
872 3237 978 3314 militi
993 3240 1192 3339 gratiorem.
1242 3238 1359 3313 Perse-

376 3379 481 3431 cutus
505 3356 636 3431 deinde
661 3356 852 3458 fugientes,
883 3384 1001 3459 quum
1024 3385 1170 3435 omnem
1189 3357 1361 3435 Volscum

375 3501 502 3575 agrum
525 3478 761 3575 depopulatus
786 3482 880 3569 esset,
910 3482 957 3555 ad
977 3478 1199 3554 deditionem
1214 3478 1361 3555 Volscos

375 3594 625 3695 septuagesimo
655 3598 804 3672 demum
833 3626 927 3675 anno
960 3598 1110 3701 subegit.
1164 3598 1285 3674 Victor
1313 3626 1361 3675 ex

377 3716 512 3792 Volscis
536 3716 574 3791 in
587 3722 736 3817 Aequos
752 3719 894 3810 transrit,
922 3724 957 3795 δι
982 3720 1072 3821 ipsos
1095 3724 1231 3799 bellum
1254 3722 1360 3797 moli·

375 3846 489 3914 entes:
522 3839 720 3914 exercitum
742 3838 868 3915 eorum
895 3843 941 3915 ad
966 3844 1065 3917 Bolas
1083 3844 1264 3942 obpreffit3
1292 3868 1359 3917 nec

376 3959 484 4034 castra
498 3962 623 4049 modo,
649 3959 710 4036 sed
734 3965 862 4038 urbem
889 3962 995 4037 etiam
1017 3965 1207 4065 adgressus,
1233 3963 1358 4063 inpetu

373 4079 492 4181 primo
501 4079 607 4180 cepit.
1275 4067 1278 4072 ¹
