3067 5342
402 701 474 798 378
747 701 1060 775 T.L1vrr

399 873 559 950 conlatis.
608 875 670 950 Ad
686 877 773 952 haec
790 874 869 952 saxa
883 881 1045 965 ernon&
1070 895 1199 951 temere
1222 871 1377 972 jacentia

402 997 460 1090 (ut
487 995 543 1088 fit)
569 992 607 1066 in
631 992 785 1092 aspretis,
816 997 922 1070 &de
951 994 1121 1070 industria
1147 992 1268 1084 etiam,
1301 1019 1378 1094 quo

399 1115 500 1188 locus
525 1111 635 1188 tutior
659 1115 754 1202 effer,
785 1117 830 1190 ab
858 1113 1044 1213 oppidanis
1072 1113 1247 1211 congesta
1296 1113 1377 1190 Ubi

400 1257 516 1330 quum
547 1230 777 1307 constituiffet
808 1235 1006 1320 Romanos,
1054 1231 1285 1332 semitamque
1314 1259 1377 1308 an-

399 1351 538 1450 gustam
566 1354 602 1425 a
617 1352 778 1440 arduam,
810 1355 960 1428 eretlam
976 1379 1021 1428 ex
1037 1353 1173 1450 oppido
1190 1351 1228 1427 in
1244 1377 1376 1441 arcem,

399 1469 616 1546 ostendisset:
652 1473 786 1546 “Hoc
818 1471 966 1570 quidem
1000 1471 1202 1561 adscensu,”
1243 1471 1377 1570 inquit,

400 1592 584 1665 “veltres
599 1589 721 1665 armati
747 1589 944 1690 quamlibet
977 1591 1246 1668 multitudinem
1274 1617 1376 1668 arcu-

399 1719 425 1754 “
442 1708 551 1784 erintz
568 1735 643 1784 uos
657 1714 691 1784 δι
705 1711 832 1786 decem
847 1735 1007 1800 numero,
1025 1716 1073 1801 &,
1099 1712 1199 1809 quod
1215 1713 1294 1809 plus
1310 1711 1375 1800 est,

399 1838 426 1873 “
444 1829 615 1918 Romani,
645 1833 966 1932 Romanorumque
995 1829 1166 1906 fortillimi
1191 1829 1259 1905 viri
1281 1829 1375 1918 estis,

399 1958 426 1992 ‘⁶
444 1951 479 2022 δε
494 1949 594 2026 lotus
607 1975 672 2049 pro
686 1948 801 2038 vobis,
829 1952 865 2023 a
882 1975 954 2025 nox
970 1949 1048 2039 erit,
1075 1975 1166 2049 quae
1191 1949 1313 2024 omnia
1327 1974 1376 2024 ex

398 2066 577 2144 “incerto
599 2071 728 2166 majora
753 2067 877 2145 turritis
893 2069 1052 2146 ostentat.
1103 2071 1184 2169 Ego
1203 2071 1278 2166 jam
1304 2091 1373 2144 ter-

399 2198 425 2232 “
443 2214 519 2263 rore
535 2187 656 2264 omnia
671 2187 845 2287 implebor
872 2215 934 2264 vos
949 2215 1065 2264 arcem
1081 2187 1207 2264 intenti
1224 2191 1375 2264 tenete.”

398 2305 563 2382 Decurrit
581 2307 680 2396 inde,
699 2329 834 2405 quanto
860 2307 1014 2384 maxime
1037 2329 1183 2408 poterat,
1207 2333 1293 2384 cum
1318 2331 1373 2384 tu·

397 2428 529 2515 multu,
568 2436 593 2471 ‘⁸
611 2428 657 2501 ad
682 2429 814 2516 arma,²’
849 2431 884 2502 δι
925 2438 1031 2526 “pro
1066 2427 1215 2503 vestram
1249 2429 1371 2518 fidem,

398 2557 424 2592 ‘⁶
441 2547 585 2623 cives!'’
618 2545 813 2634 clamitans,
853 2556 955 2622 “arx
986 2550 1032 2622 ab
1065 2545 1236 2635 hostibus,
1272 2569 1373 2646 capta

398 2679 425 2714 “
442 2669 515 2757 est;
535 2666 597 2756 ite,
613 2665 828 2742 defendite.’⁸
853 2711 859 2722 ·
876 2669 979 2742 Haec
993 2665 1153 2742 incidens
1169 2667 1371 2766 principum

398 2785 545 2876 foribus,
567 2789 654 2862 haec
677 2786 805 2877 obuiis,
828 2789 914 2866 haec
931 2787 1198 2862 excurrentibus
1220 2785 1258 2861 in
1279 2791 1371 2886 pub-

396 2906 510 2982 licum
526 2905 663 3005 pavidis
676 2904 843 3004 increpat.
892 2910 1095 3004 Acceptum
1111 2910 1158 2982 ab
1173 2932 1249 2982 uno
1265 2933 1371 3006 pavo-

396 3051 471 3102 rern
487 3027 604 3125 plures
620 3051 682 3124 per
696 3029 823 3100 urbem
838 3024 966 3102 ferunt.
1015 3025 1164 3126 Trepidi
1194 3026 1371 3127 magistra-

397 3143 585 3234 tus,miffis
598 3146 774 3220 adarcern
790 3143 1080 3244 exploratoribus,
1104 3171 1219 3245 quum
1244 3149 1371 3222 tela&

396 3285 546 3342 amaros
567 3286 685 3340 tenere
708 3289 826 3369 arcem
843 3263 1078 3364 multiplicato
1102 3293 1251 3342 numero
1269 3266 1371 3342 audi-

397 3407 487 3475 rent,
508 3405 670 3461 avertunt
694 3382 831 3458 animos
856 3409 877 3458 a
902 3382 960 3482 spe
986 3387 1242 3482 recuperandae
1271 3384 1370 3460 arcis.

398 3507 500 3604 Fuga
528 3507 658 3580 cunels
688 3504 924 3601 complentur,
966 3525 1156 3603 portaeque
1191 3508 1238 3580 ab
1268 3503 1370 3580 semi·

397 3622 527 3699 somnis
541 3649 582 3698 ac
599 3621 755 3698 maxima
779 3643 876 3723 parte
898 3621 1091 3698 inermibus
1113 3622 1368 3724 refiingunturs

397 3769 550 3843 quarum
562 3768 624 3843 per
639 3767 749 3818 unam
764 3740 973 3840 praefidium
991 3744 1199 3820 Romanum
1218 3745 1370 3826 clamore

397 3863 590 3940 excitatum
621 3860 807 3960 inrumpit,
838 3862 1143 3946 &concursantes
1179 3888 1242 3961 per
1274 3862 1368 3938 viam

396 3984 543 4082 pavidos
558 3979 686 4058 caedit.
735 3983 817 4083 ,lam
833 3983 917 4056 Sora
931 4003 1033 4081 capta
1046 4003 1131 4071 erat,
1153 4008 1268 4081 quum
1283 4009 1368 4059 con·

396 4102 485 4178 sules
516 4101 630 4201 prima
657 4092 749 4178 luco*
764 4101 935 4178 advenere
942 4134 955 4192 ς
1000 4105 1049 4192 ἃ,
1092 4127 1183 4204 quos
1214 4102 1369 4203 reliquos
