3067 5342
384 751 432 826 54
712 724 1027 799 T.L1v11

385 923 456 973 tem
481 899 742 997 expugnaffent.
792 899 1032 971 Conlaudatos
1058 877 1205 994 corpora
1231 919 1367 982 curare,

385 1017 588 1117 paratosque
611 1020 677 1091 effe
709 1038 833 1114 quarta
857 1016 980 1115 vigilia
997 1019 1112 1112 jubet.
1164 1019 1214 1089 Et
1237 1015 1368 1102 hostes,

387 1142 596 1212 noeturnam
620 1135 742 1235 fugam
765 1163 810 1210 err
827 1139 968 1210 tumulo
991 1139 1242 1210 Romanorum
1258 1157 1302 1207 ut
1323 1138 1371 1208 ab

387 1256 522 1344 cavia,
555 1281 645 1353 quae
672 1254 805 1330 ferebat
831 1255 1079 1355 Verruginem,
1122 1256 1370 1341 excluderent,

388 1375 485 1452 fuere
510 1373 625 1450 obvii:
649 1375 896 1474 proeliumque
925 1397 1005 1450 ante
1034 1378 1152 1450 lucem
1182 1372 1259 1472 (sed
1284 1374 1374 1446 luna

389 1521 524 1595 pernox
547 1495 633 1586 erat)
665 1493 891 1568 commiffum
920 1495 986 1569 est:
1014 1501 1049 1570 ἃ
1076 1497 1174 1569 haud
1201 1492 1373 1568 incertius

390 1615 521 1689 diurno
558 1612 691 1712 proelio
724 1612 805 1688 fuir.
869 1617 941 1688 Sed
972 1617 1105 1689 clamor
1135 1613 1374 1712 Venuginem

391 1737 555 1834 perlatus,
584 1759 698 1830 quum
715 1733 823 1807 castra
843 1735 1009 1808 Romana
1028 1735 1211 1808 crederent
1231 1717 1374 1832 obpug·

393 1854 481 1940 nari,
524 1875 662 1926 tantum
692 1851 813 1948 injecit
838 1852 988 1951 pavoris,
1025 1875 1080 1941 ut,
1124 1853 1374 1952 nequidquam

395 1974 565 2048 retinente
595 1993 701 2069 atque
728 1970 930 2050 obsecrante
962 1972 1134 2062 Aemilio,
1171 1973 1374 2049 Tusculum

395 2091 497 2191 palati
519 2089 692 2188 fugerent.
743 2091 832 2164 Inde
854 2089 947 2166 fama
971 2095 1129 2170 Romam
1155 2095 1285 2190 perlata
1310 2093 1376 2180 est,

395 2210 621 2286 Postumium
654 2209 922 2307 exercitumque
956 2210 1127 2288 occisum.
1185 2211 1276 2314 Qri,
1309 2212 1376 2288 ubi

397 2330 510 2428 prima
536 2331 599 2409 lux
622 2351 759 2402 metum
787 2327 988 2404 infidiamm
1011 2330 1117 2406 effirse
1146 2331 1377 2432 sequentibus

398 2447 548 2536 sustulit,
574 2472 688 2545 quum
715 2448 959 2547 perequitaffet
978 2449 1105 2539 aciem,
1135 2453 1300 2550 promiffa
1324 2478 1377 2526 re-

397 2591 533 2668 petens,
561 2589 698 2642 tantum
716 2566 835 2664 injecit
851 2569 995 2658 ardoris,
1021 2589 1063 2643 ut
1085 2597 1158 2645 non
1177 2575 1270 2646 ultra
1278 2571 1379 2646 susti-

399 2687 541 2768 nuerint
567 2687 728 2785 inpetum
755 2687 889 2786 Aequi.
943 2691 1079 2764 Caedes
1108 2689 1192 2765 inde
1208 2691 1380 2791 fugienti-

400 2836 477 2896 um,
519 2805 633 2908 qualis
664 2805 727 2881 ubi
761 2806 813 2880 ira
841 2807 967 2907 magis,
1005 2836 1115 2907 quam
1146 2809 1292 2900 virture,
1326 2839 1381 2887 res

402 2928 546 3028 geritur,
572 2929 617 3002 ad
636 2925 830 3025 perniciem
844 2927 1000 3004 hostiurn
1022 2929 1112 3003 faeta
1134 2931 1184 3005 est
1191 2963 1203 3018 3
1230 2931 1381 3011 tristetu-

402 3071 472 3146 que
486 3049 530 3125 ab
552 3043 711 3122 Tusculo
737 3045 925 3135 nuncium,
954 3049 1201 3148 nequidquam
1219 3051 1385 3126 exterrita

403 3165 557 3254 civitate,
588 3165 704 3240 literae
728 3193 749 3239 a
768 3165 952 3241 Postumio
974 3171 1144 3244 laureatae
1167 3169 1380 3269 sequuntur:

400 3287 583 3364 vidoriam
601 3285 723 3384 populi
751 3287 910 3364 Romani
936 3290 1021 3375 effe3
1048 3294 1261 3388 Aequorum
1283 3317 1381 3365 exer-

402 3405 514 3480 citum
531 3407 700 3482 deletum.

453 3526 593 3601 XXIX.
625 3525 872 3600 Tribunorurn
886 3527 998 3624 plebis
1019 3527 1173 3603 adiones
1192 3529 1278 3628 quia
1294 3557 1385 3604 non-

403 3647 493 3720 dum
509 3645 713 3720 invenerant
729 3647 852 3734 finem,
880 3651 915 3720 ἃ
930 3649 1029 3745 plebs
1043 3649 1250 3723 continuare
1266 3651 1384 3726 latori-

405 3771 471 3842 bus
488 3765 575 3864 legis
600 3763 835 3853 tribunatum,
869 3769 902 3840 ἃ
927 3770 1044 3842 Patres
1065 3771 1206 3844 reficere
1222 3768 1386 3848 interces-

403 3885 493 3960 sores
523 3885 611 3986 legis
640 3884 748 3959 adnifi
776 3883 867 3959 sunt.
917 3887 987 3960 Sed
1020 3890 1100 3985 plus
1126 3887 1196 3964 suis
1229 3889 1385 3966 comitiis

401 4007 501 4104 plebs
518 4004 640 4079 valuit.
689 4009 811 4105 Qrem
831 4006 992 4084 dolorem
1005 4007 1073 4084 ulti
1094 4013 1211 4083 Patres
1223 4007 1317 4097 sunt,
1336 4008 1385 4082 se-

404 4123 666 4200 natusconsulto
696 4123 802 4212 fado,
838 4146 881 4202 ut
910 4125 1082 4217 consules,
1123 4127 1254 4205 invisus
1287 4131 1383 4228 plebi
