3067 5342
500 693 537 768 L
563 719 577 766 1
607 719 627 767 a
656 719 678 767 a
707 718 730 767 n
782 695 881 768 VIII.
1091 720 1160 795 277

179 869 241 946 Sin
264 890 384 946 autem
401 870 468 946 sese
493 873 664 946 devovere
684 873 793 960 volet,
821 869 920 946 srcuti
939 868 1073 945 Decius
1095 872 1157 944 de·

177 990 300 1077 vovit3
334 989 372 1064 ni
399 989 560 1079 moritur,
592 1017 707 1088 neque
736 989 853 1078 suum,
891 1016 1007 1089 neque
1036 990 1156 1087 publi-

179 1135 264 1184 cum
298 1109 462 1184 divinum
492 1135 578 1209 pure
608 1109 725 1198 faciet,
773 1109 838 1206 qui
865 1107 932 1183 sese
966 1103 1165 1182 devoverit(

182 1232 344 1304 Vulcano
372 1255 467 1303 arma
493 1232 559 1303 five
589 1227 648 1303 cui
674 1228 733 1302 alii
764 1229 862 1302 Divo
892 1254 1018 1302 vovere
1049 1231 1157 1317 volet,

179 1353 245 1424 srve
271 1349 383 1422 hostia
411 1352 478 1422 five
508 1374 581 1448 quo
608 1348 677 1422 alio
709 1351 817 1436 volet,
843 1349 903 1443 jus
934 1346 995 1421 est.
1050 1349 1156 1434 Telo,

180 1467 281 1566 super
294 1470 395 1568 quod
414 1467 504 1542 stans
525 1466 646 1542 consul
671 1489 831 1566 precatus
848 1466 910 1553 est,
940 1465 1077 1539 hostem
1093 1491 1158 1562 po-

180 1587 251 1676 tiri,
279 1587 329 1662 fas
356 1613 429 1662 non
450 1587 516 1661 ests
551 1591 574 1660 sr
596 1586 763 1685 potiatur,
792 1585 903 1660 Marti
919 1584 1158 1661 suovetaurili⁵

182 1711 248 1782 bus
265 1707 448 1805 piaculum
465 1705 550 1780 fieri.

230 1829 295 1900 XI.
330 1829 448 1912 Haec,
480 1829 553 1922 (etsr
577 1825 693 1900 omnis
711 1824 824 1900 divini
847 1823 1067 1923 humanique
1081 1847 1157 1898 mo·

180 1944 225 2018 ris
248 1944 419 2020 memoria
445 1943 613 2033 abolevit,
648 1971 740 2019 nova
758 1944 1014 2044 peregrinaque
1036 1943 1158 2019 omnia

178 2062 299 2162 priscis
322 2091 362 2138 ac
391 2062 511 2162 patriis
539 2062 784 2162 praeferendo)
809 2065 907 2138 haud
927 2067 971 2138 ab
993 2089 1028 2138 re
1051 2062 1157 2150 duxi,
1216 2095 1223 2105 ·

177 2182 294 2258 verbis
332 2207 478 2281 quoque
513 2182 604 2281 ipsrs,
648 2205 690 2256 ut
722 2183 848 2258 tradita
882 2204 1158 2283 nuncupataque

178 2300 271 2390 sunt,
305 2301 441 2376 referre.
491 2303 665 2376 Romanis
694 2304 773 2399 post
803 2302 978 2400 proelium
1009 2305 1159 2377 demum

180 2419 315 2494 factum
345 2420 517 2495 Samnites
546 2421 673 2494 veniffe
700 2420 865 2509 subsrdi0,
899 2420 1097 2520 exspe&ato
1123 2447 1159 2496 e·

177 2561 287 2614 ventu
320 2565 475 2639 pugnae,
502 2541 599 2639 apud
623 2537 796 2638 quosdam
819 2542 976 2614 auctores
1002 2540 1158 2616 invenie.

179 2659 318 2734 Latinis
335 2684 483 2759 quoque
506 2663 551 2736 ab
574 2659 729 2734 Lavinio
756 2659 944 2747 auxilium,
979 2661 1070 2734 dum
1097 2661 1159 2733 de·

178 2779 362 2854 liberando
401 2801 519 2854 terunt
551 2799 705 2876 tempus,
751 2778 853 2853 victis
896 2781 1043 2853 demum
1077 2777 1158 2852 ferri

178 2917 358 2998 coeptum.
409 2901 469 2985 Et,
489 2924 574 2974 cum
585 2899 661 2994 jam
671 2897 781 2997 portis
796 2897 910 2998 prima
922 2902 1016 2998 figna
1029 2902 1063 2970 &
1081 2923 1159 2995 pars

178 3017 330 3116 agminis
352 3019 435 3092 effet
453 3020 594 3117 egreffa,
618 3017 752 3093 nuncio
769 3020 885 3092 adlato
905 3021 950 3093 de
967 3019 1067 3092 clade
1087 3019 1159 3091 La·

178 3137 351 3224 tinorum,
378 3161 493 3235 quum
521 3141 689 3212 conversls
720 3137 823 3238 fignis
845 3159 936 3212 retro
961 3136 999 3210 in
1032 3139 1160 3210 urbem

178 3256 361 3345 rediretur,
391 3277 584 3354 praetorem
615 3283 739 3331 eorum
772 3255 917 3331 nomine
944 3254 1160 3329 Milionium

178 3375 303 3452 dixiffe
323 3374 453 3464 ferunt,
480 3387 504 3420 “
523 3403 588 3476 pro
603 3377 761 3475 paullula
776 3376 834 3450 via
849 3401 1016 3475 magnam
1027 3400 1160 3449 merce·

180 3498 308 3572 “dem
330 3495 505 3572 Romanis
531 3498 597 3570 effe
619 3494 856 3570 solvendam.’'
904 3495 980 3596 Qri
1010 3494 1159 3569 Latino-

179 3641 259 3690 rum
282 3641 422 3714 pugnae
442 3614 695 3714 superfuerant,
721 3615 843 3690 muItis
860 3614 1045 3691 itineribus
1068 3614 1160 3688 diffi-

180 3735 267 3833 pati,
294 3734 452 3835 quumse
470 3735 636 3826 inunum
649 3737 924 3833 conglobaffent,
943 3733 1066 3809 Vescia
1075 3737 1160 3807 urbs

180 3854 229 3928 eis
247 3857 509 3952 receptaculum
526 3852 606 3928 Iuit.
657 3852 712 3928 Ibi
740 3853 778 3926 in
800 3853 961 3927 conciliis
978 3852 1161 3928 Numifius

181 3974 367 4072 imperator
382 4001 522 4063 eorum,
545 3973 766 4048 adfirmando
792 3982 818 4015 “
837 3998 1067 4046 communem
1081 3997 1162 4046 vete

186 4097 386 4170 “Martem
403 4093 487 4171 beIli
505 4115 692 4192 utramque
715 4091 829 4168 aciem
855 4091 931 4190 pati
953 4093 1059 4166 caede
1086 4090 1163 4191 pos-
