3067 5342
501 705 851 781 LrunnIX.
1077 711 1148 808 369

164 906 252 954 cena
282 878 537 981 quinquagena
563 881 675 956 millia
701 880 873 979 capitum.
939 881 1077 980 Itaque,
1108 881 1147 955 in

164 999 265 1074 omni
282 998 480 1076 defectione
496 999 672 1076 sociorum
689 1000 812 1076 [atini
825 1000 993 1089 nominis,
1008 1004 1147 1076 urbano

79 1131 84 1137 ’
164 1145 275 1218 prope
322 1121 462 1194 delestu
512 1122 639 1196 decern
690 1120 931 1196 scribebantur
977 1121 1147 1221 legiones.

164 1237 338 1340 Qaterni
355 1239 532 1338 quinique
548 1238 722 1315 exercitus
739 1238 838 1339 saepe
860 1263 923 1338 per
949 1265 1009 1314 eos
1037 1263 1148 1315 annos

165 1359 204 1433 in
230 1357 385 1447 Etruria,
408 1357 447 1434 in
463 1359 631 1448 Umbria,
658 1358 770 1434 Gallis
787 1358 945 1434 hostibus
961 1359 1147 1456 adjunslis,

163 1478 203 1553 in
225 1477 383 1568 Samnio,
409 1477 448 1552 in
469 1479 628 1554 Lucanis
650 1482 819 1578 gerebant
848 1480 996 1553 bellum.
1046 1477 1146 1554 Lati·

162 1624 229 1672 um
247 1597 377 1673 deinde
391 1625 498 1675 omne
514 1625 599 1674 curn
612 1598 762 1687 Sabinis,
795 1604 829 1674 δι
845 1595 992 1687 Volscis,
1024 1603 1058 1673 ἃ
1075 1602 1147 1672 Ae·

163 1717 258 1817 quis,
288 1717 440 1794 &omni
451 1717 658 1817 Campania,
685 1723 721 1792 &
733 1737 829 1817 parte
848 1715 1022 1793 Umbriae
1041 1719 1147 1791 Etru·

163 1837 321 1937 riaeque,
356 1842 389 1912 δι
415 1837 635 1925 Picentibus,
680 1841 714 1911 δι
742 1841 879 1926 Marfis,
906 1834 1146 1938 Pelignisque,

163 1984 206 2034 ac
227 1957 393 2047 Vestinis,
418 1979 527 2057 atque
543 1956 686 2055 Apulis,
713 1958 950 2056 adjundlaque
965 1957 1067 2033 omni
1084 1983 1147 2031 ora

163 2081 384 2156 Graecorum
412 2076 514 2151 inferi
542 2075 649 2152 maris
677 2103 698 2151 a
722 2076 871 2151 Thuriis
898 2075 1093 2173 Neapolim
1110 2079 1145 2150 dr

164 2200 311 2286 Cumas,
337 2202 373 2272 ἃ
398 2197 483 2272 inde
500 2196 615 2270 Antio
636 2215 744 2294 atque
766 2195 876 2271 Ostiis
892 2215 994 2271 tenus
1010 2194 1146 2270 Samni·

163 2340 229 2405 tes,
254 2338 316 2393 aut
332 2315 444 2391 socios
465 2315 601 2391 validos
618 2315 807 2404 Romanis,
833 2335 895 2390 aut
911 2314 1036 2389 fractos
1048 2314 1147 2389 bello

164 2435 348 2512 invenisset
363 2435 490 2511 hostes.
539 2434 615 2533 lpse
632 2436 813 2534 trajeciffet
833 2463 927 2510 mare
950 2459 1033 2511 cum
1051 2454 1146 2507 vete·

164 2555 257 2633 ranis
285 2554 565 2643 Macedonibus,
596 2581 670 2630 non
699 2557 780 2653 plus
813 2554 958 2654 triginta
988 2553 1147 2630 millibus
1288 2545 1293 2552 ⁶

164 2675 354 2751 hominum
369 2680 574 2775 &quatuor
595 2675 755 2751 millibus
782 2673 961 2774 equitum,
991 2672 1147 2748 maxime

166 2797 423 2872 Thessalomm.
473 2798 561 2871 Hoc
590 2794 687 2871 eninr
717 2795 853 2870 roboris
886 2813 967 2868 erat.
1017 2791 1146 2881 Persas,

169 2916 292 3003 Indos,
316 2913 469 3014 aliasque
491 2919 515 2990 fi
535 2915 746 3012 adjunxiffet
761 2935 897 3015 gentes,
925 2911 1147 3010 inpedimen-

164 3057 243 3110 tum
267 3035 393 3131 majus,
436 3060 546 3134 quarn
569 3034 761 3123 auxilium,
800 3035 961 3108 traheret.
1021 3033 1144 3123 Adde,

164 3156 266 3253 quod
292 3154 467 3229 Romanis
482 3156 528 3229 ad
555 3180 703 3229 manum
731 3153 831 3228 dorni
858 3153 1146 3252 supplementum

163 3275 263 3348 esset:
288 3275 507 3362 Alexandro,
543 3275 661 3373 (quod
689 3273 808 3372 postea
829 3271 1027 3347 Hannibali
1053 3269 1145 3346 acci·

165 3393 235 3488 dit)
262 3393 378 3468 alieno
400 3392 438 3467 in
460 3420 544 3494 agro
566 3393 724 3482 bellanti,
750 3391 924 3467 exercitus
946 3385 1144 3469 consenuis-

166 3511 225 3588 set.
274 3518 401 3602 Arma,
444 3513 579 3611 clipeus
609 3513 809 3611 sarissaeque
839 3512 933 3599 illis;
976 3512 1146 3585 Romano

165 3630 320 3720 scutum,
346 3633 459 3730 majus
489 3632 628 3730 corpori
658 3651 922 3732 tegumentum,
953 3636 988 3706 δι
1014 3628 1144 3729 pilum,

166 3753 263 3826 baud
279 3753 413 3850 paullo,
445 3778 556 3850 quam
571 3751 680 3840 basia,
709 3751 955 3828 vehementius
973 3750 1046 3824 istu
1063 3745 1145 3840 mis·

166 3868 279 3968 suque
307 3872 430 3946 telum.
479 3870 645 3946 Statarius
673 3893 825 3971 uterque
852 3871 966 3959 miles,
1004 3867 1146 3942 ordines
1248 3881 1252 3892 '
1314 3875 1321 3886 '

165 3989 316 4068 servanss
342 3990 403 4066 sed
422 3991 482 4066 illa
497 3992 652 4089 phalanx
668 3990 862 4080 inmobilis,
888 3995 923 4064 δι
950 3989 1058 4064 unius
1084 4013 1144 4088 ge-

166 4111 275 4188 neris:
302 4115 469 4188 Romana
484 4110 576 4188 acies
592 4109 803 4198 distindlior,
828 4109 1050 4209 expluribus
1068 4135 1144 4208 par-

628 4233 657 4304 B
679 4233 704 4305 b
