3067 5342
418 747 492 824 354
751 721 1067 798 T>Lru11
1161 827 1164 838 Ι

420 906 446 944 “
464 897 569 972 deme
584 895 701 972 vincla
716 895 908 972 Romanis:
939 915 1093 972 moratus
1121 899 1161 970 fit
1178 919 1297 983 nemo,
1326 919 1392 993 quo

420 1027 447 1092 ἕ*
463 1015 596 1106 minus,
632 1015 698 1091 ubi
735 1015 851 1092 visum
884 1014 1002 1104 fuerit,
1040 1019 1201 1091 abeant”
1264 1015 1311 1090 Et
1347 1011 1392 1086 illi

420 1134 583 1236 quidem,
611 1133 750 1210 forlitan
787 1137 822 1210 a
864 1135 1022 1234 publica,
1048 1133 1107 1209 sua
1134 1155 1229 1211 certe
1262 1133 1395 1210 liberata

419 1255 506 1343 fide,
531 1257 577 1332 ab
602 1254 745 1330 Caudio
774 1254 812 1330 in
838 1253 946 1330 castra
972 1257 1137 1330 Romana
1166 1251 1325 1330 inviolati
1348 1279 1393 1327 re-

419 1372 574 1450 dierunt.

468 1495 553 1569 XII.
578 1493 810 1584 Samnitibus,
843 1519 907 1593 pro
939 1493 1086 1595 superba
1116 1519 1204 1594 pace
1237 1491 1394 1568 infestiffi·

419 1640 522 1688 mum
536 1613 762 1690 cernentibus
788 1637 947 1690 renatum
974 1615 1123 1702 bellum,
1151 1615 1287 1704 omnia,
1313 1637 1394 1712 quae

420 1732 551 1809 deinde
567 1755 753 1822 venerunt,
772 1761 844 1808 non
862 1733 900 1808 in
915 1733 1042 1810 animis
1058 1731 1189 1824 solum,
1220 1731 1280 1809 sed
1296 1757 1393 1832 prope

419 1849 459 1926 in
475 1853 589 1927 oculis
605 1855 688 1929 effe:
719 1859 752 1928 a
771 1852 845 1928 sero
861 1881 900 1950 ac
919 1851 1166 1952 nequidquam
1183 1855 1324 1928 laudare
1350 1850 1393 1926 se-

418 1971 474 2048 nis
491 1971 612 2048 Pontii
627 1995 778 2072 utraque
796 1971 955 2061 confilia;
990 1971 1080 2047 inter
1106 1999 1199 2072 quae
1225 1972 1258 2048 se
1288 1969 1395 2047 media

418 2091 530 2192 lapsos
554 2091 718 2168 victoriae
735 2093 976 2192 possessionem
992 2117 1080 2190 pace
1097 2092 1235 2168 incerta
1248 2092 1394 2178 munile,

418 2213 468 2299 a,
495 2211 712 2288 beneficii&
729 2211 894 2288 maleficii
911 2215 1088 2288 occasione
1114 2213 1249 2302 emilia,
1272 2235 1394 2312 pugna·

419 2351 516 2406 turos
532 2357 618 2409 cum
635 2329 698 2419 eis,
726 2357 817 2429 quos
833 2333 1014 2430 potuerint
1039 2331 1078 2406 in
1107 2353 1320 2432 perpetuum
1345 2329 1394 2402 vel

418 2448 585 2526 inimicos
614 2451 748 2540 tollere,
782 2451 838 2526 vel
870 2451 1003 2527 amicos
1036 2449 1160 2528 facere.
1214 2453 1393 2548 Adeoque,

418 2571 609 2645 nullodum
632 2569 822 2646 certamine
840 2569 1017 2646 inclinatis
1033 2571 1184 2662 viribus,
1210 2571 1288 2672 post
1311 2571 1393 2644 Cau-

419 2688 541 2764 dinam
573 2715 699 2789 pacem
729 2688 840 2764 animi
869 2711 1102 2780 mutaverant,
1145 2713 1189 2766 ut
1225 2689 1394 2768 clariorem

419 2808 511 2884 inter
537 2812 722 2885 Romanos
748 2807 886 2884 deditio
913 2809 1154 2900 Postumium,
1182 2837 1293 2911 quam
1312 2813 1394 2884 Pon-

417 2927 511 3004 tium
537 2927 721 3004 incruenta
751 2928 898 3004 victoria
927 2929 1018 3003 inter
1043 2929 1233 3020 Samnites,
1260 2929 1393 3006 faceret:

418 3051 452 3124 δι
479 3047 553 3147 geri
587 3050 682 3146 poffe
707 3049 843 3124 bellum
871 3048 1029 3124 Romani
1055 3076 1119 3148 pro
1148 3048 1298 3126 vicloria
1312 3067 1395 3123 certa

418 3171 599 3256 haberent,
616 3166 789 3243 Samnites
808 3169 909 3244 fimul
927 3169 1101 3244 rebellasse
1124 3174 1159 3245 ὅτ
1184 3171 1303 3248 viciffe
1331 3193 1394 3242 cre·

418 3291 542 3362 derent
559 3290 781 3362 Romanum.
831 3290 925 3362 Inter
941 3291 1027 3364 haec
1042 3289 1212 3365 Satricani
1240 3290 1285 3365 ad
1307 3291 1393 3362 Sam·

418 3407 507 3483 nites
524 3405 743 3497 defecerunt,
767 3409 1000 3507 &Fregellae
1022 3407 1166 3484 colonia
1190 3408 1393 3509 necopinato

416 3526 571 3602 adventu
592 3525 808 3602 Samnitium
836 3527 952 3626 (fuiffe
969 3532 1004 3602 ec
1021 3528 1219 3605 Satricanos
1248 3555 1331 3604 cum
1355 3523 1392 3598 iis

416 3644 494 3724 satis
527 3647 675 3742 constat)
712 3649 816 3721 nocie
845 3669 1018 3746 occupata
1047 3649 1108 3723 est.
1157 3647 1287 3724 Timor
1317 3645 1392 3720 inde

418 3788 567 3844 mutuus
581 3765 749 3866 utrosque
765 3764 878 3865 usque
904 3769 951 3841 ad
978 3768 1096 3842 lucem
1113 3767 1256 3866 quietos
1273 3763 1392 3844 tenuit:

416 3890 481 3964 lux
522 3913 664 3986 pugnae
702 3885 849 3960 initium
898 3885 986 3975 fuit3
1030 3914 1141 3987 quam
1178 3882 1390 3988 aliquamdiu

415 4033 580 4108 aequam,
611 4003 749 4105 &quia
773 4030 838 4104 pro
870 4005 938 4080 aris
963 4031 1004 4081 ac
1037 4005 1127 4083 focis
1152 4005 1392 4086 dimicabatur,

415 4131 450 4202 a
484 4125 572 4226 quia
594 4149 641 4200 ex
672 4123 773 4200 tedis
803 4125 992 4222 adjuvabat
1025 4125 1163 4202 inbellis
1192 4123 1391 4208 multitudo,
