3067 5342
477 715 708 788 Lrnun
759 715 805 786 W
1095 741 1141 814 m

159 887 308 988 liscique
321 886 474 964 subfidio
490 889 673 979 venissent,
698 889 862 964 adversus
884 911 953 963 tres
969 889 1144 965 exercitus

161 1008 309 1107 ancipiti
326 1008 461 1107 proelio
487 1031 689 1108 pugnaturn
706 1011 766 1084 est.
817 1015 915 1084 Ante
942 1009 1064 1083 omnia
1081 1010 1144 1083 ad-

153 1130 252 1227 juvit
285 1127 457 1204 memoria
488 1129 724 1204 damnationis
757 1127 870 1228 Sergii
902 1155 942 1203 ac
976 1128 1144 1229 Virginii.

162 1253 288 1349 Itaque
305 1247 497 1346 majoribus
512 1249 642 1338 castris,
668 1251 765 1324 unde
782 1271 884 1324 antea
906 1252 1071 1323 cellarum
1088 1249 1145 1322 fu-

161 1389 248 1456 erat,
275 1367 373 1470 brevi
388 1365 497 1467 spatio
515 1369 781 1444 circumdudlae
798 1370 920 1467 copiae
938 1372 1145 1468 Capenates,

162 1489 201 1564 in
224 1491 358 1564 vallum
376 1491 586 1564 Romanum
603 1489 730 1579 versos,
756 1494 802 1565 ab
816 1514 915 1589 tergo
931 1491 1146 1589 adgrediun-

160 1632 232 1686 tur.
282 1612 372 1685 Inde
386 1636 510 1709 pugna
528 1615 701 1707 coepta&
721 1609 867 1684 Faliscis*
890 1609 1024 1710 intulit
1038 1632 1146 1685 terro·

162 1758 253 1819 rem,
281 1729 565 1828 trepidantesque
583 1729 722 1828 eruptio
747 1757 792 1804 ex
815 1729 931 1804 castris
946 1752 1147 1829 opportune

163 1851 256 1926 faeta
281 1851 417 1926 avertit.
468 1849 645 1948 Repulsos
673 1848 805 1925 deinde
833 1850 983 1925 insecuti
998 1851 1148 1928 vidores

162 1973 347 2072 ingentem
365 1970 554 2046 ediderunt
570 1971 727 2044 caedem.
778 1974 860 2045 Nec
876 1969 925 2044 ita
940 1973 1055 2046 multo
1071 1972 1149 2070 post

157 2092 235 2190 jam
256 2095 425 2191 palantes,
450 2091 561 2166 veluti
579 2088 667 2166 forte
685 2089 808 2178 oblati,
840 2091 1063 2188 populatores
1080 2094 1148 2168 Ca·

164 2213 302 2312 penatis
320 2213 396 2312 agri
423 2211 589 2310 reliquias
615 2239 755 2311 pugnae
781 2211 994 2301 absumserer
1024 2217 1059 2286 δι
1078 2215 1147 2286 Ve-

157 2332 315 2431 jentium
343 2331 558 2432 refugientes
584 2332 621 2405 in
646 2336 774 2407 urbem
800 2330 904 2405 multi
926 2354 1007 2406 ante
1033 2355 1149 2431 portas

164 2457 264 2541 caesi,
291 2453 381 2528 dum
399 2479 481 2552 prae
497 2473 609 2541 metu,
633 2479 679 2526 ne
695 2454 797 2526 simul
812 2454 1001 2527 Romanus
1014 2452 1148 2527 inrum-

163 2593 276 2670 peret,
310 2572 457 2669 objeeu‘s
483 2571 620 2648 foribus
649 2595 826 2647 extremos
856 2571 1001 2646 suorum
1028 2573 1149 2648 exclu-

165 2691 249 2766 ἢκ

215 2815 318 2887 XIV.
350 2815 454 2888 Haec
484 2840 528 2887 eo
561 2837 655 2887 anno
686 2815 772 2888 afta.
824 2815 873 2886 Et
895 2813 972 2908 jam
1005 2811 1152 2888 comitia

165 2934 395 3009 tribunorum
413 2933 571 3009 militum
587 2935 745 3020 aderant,
772 2957 930 3031 quorum
945 2957 1056 3030 prope
1077 2959 1151 3007 ma-

160 3055 220 3151 jor
236 3053 414 3141 Patribus,
441 3079 550 3153 quam
576 3052 674 3142 belli,
705 3079 790 3128 cura
808 3074 899 3140 erat3
927 3051 1060 3151 quippe
1076 3079 1151 3126 non

168 3173 477 3250 communicatum
491 3175 602 3248 modo
613 3201 697 3248 cum
711 3175 827 3272 plebe,
854 3170 914 3247 sed
924 3197 1035 3269 prope
1050 3171 1151 3246 amis-

167 3292 259 3384 sum,
297 3293 523 3368 cernentibus
549 3292 730 3368 summum
764 3292 967 3392 imperium.
1027 3293 1153 3392 Itaque

168 3413 360 3489 clariffimis
386 3413 469 3489 viris
496 3441 540 3488 ex
570 3417 763 3511 composito
789 3410 997 3512 praeparatis
1019 3413 1066 3486 ad
1091 3440 1152 3512 pe-

169 3532 1219 3632 tmmmffmnmaemmmimfflmffimumm··

169 3675 247 3728 rent
272 3652 360 3742 fore,
386 3654 619 3729 nihilominus
645 3654 721 3752 ipfi,
746 3654 894 3751 perinde
913 3680 954 3728 ac
979 3657 1004 3727 [ι
1030 3681 1154 3730 omnes

169 3772 351 3849 candidati
378 3775 498 3862 client,
524 3777 653 3850 cunels
675 3774 908 3873 experientes,
934 3799 1008 3847 non
1038 3775 1153 3848 homi-

171 3921 232 3969 nes
249 3895 374 3981 modo,
401 3892 461 3968 sed
487 3897 584 3970 Deos
601 3895 722 3984 etiarn,
747 3893 973 3993 excipiebant
980 3927 992 3981 3
1020 3893 1058 3967 in
1075 3895 1154 3970 reli-

170 4014 315 4113 gionem
339 4035 511 4090 vertentes
537 4015 683 4090 comitia
708 4014 856 4090 biennio
872 4012 1012 4090 habitat
1038 4013 1154 4113 priore

171 4160 265 4209 anno
284 4134 541 4212 intolerandam
567 4134 727 4212 hiemem
746 4133 992 4236 prodigiisque
1022 4121 1155 4212 divinis
