3067 5342
421 727 486 777 112
747 705 1060 779 T.Lrvr1

414 906 543 977 quum,
576 878 611 951 in
626 880 766 953 laevum
786 906 911 967 cornu,
943 906 1051 978 prope
1061 880 1138 975 jam
1155 874 1307 976 pulsum,
1331 876 1386 948 ad·

415 1020 513 1095 repto
531 1022 672 1097 repente
687 1025 783 1097 equo
803 1026 887 1073 cum
904 998 1004 1075 scuto
1023 996 1189 1103 pedestri,
1217 997 1385 1079 adredus,

413 1117 602 1216 conspestu
632 1117 694 1192 suo
718 1117 894 1216 proelium
926 1119 1086 1207 restituit,
1122 1118 1297 1193 ostentans
1317 1114 1386 1189 vin·

394 1256 554 1313 'centem
583 1260 735 1313 ceteram
760 1237 887 1313 aciem.
938 1242 1019 1334 Jam
1043 1238 1213 1315 inclinata
1237 1257 1386 1321 reserat,

413 1358 473 1432 sed
494 1361 596 1433 turba
617 1358 773 1432 hostium
791 1362 824 1433 δι
843 1357 930 1458 fuga
946 1358 1208 1457 inpediebatur,
1241 1364 1275 1433 δι
1292 1359 1387 1453 longa

413 1480 521 1553 caede
534 1477 757 1553 conficienda
770 1477 966 1553 multitudo
982 1502 1075 1555 tanta
1084 1477 1172 1553 fello
1186 1476 1291 1553 militi
1308 1498 1386 1551 erat:

413 1626 528 1698 quum
558 1621 698 1697 repente
726 1597 931 1697 ingentibus
961 1597 1124 1699 procellis
1159 1597 1257 1673 fusus
1283 1594 1388 1669 imber

296 1764 300 1771 ·
412 1741 541 1793 certam
571 1718 683 1817 magis
715 1716 912 1806 victoriam,
949 1745 1058 1817 quam
1087 1718 1279 1819 proelium,
1305 1714 1388 1789 dire·

412 1838 490 1913 mit.
539 1838 650 1938 Signo
666 1838 797 1913 deinde
821 1838 978 1938 receptui
1006 1842 1103 1929 dato,
1135 1866 1211 1915 nox
1229 1837 1386 1920 insecuta,

412 1958 543 2058 quietis
565 1959 752 2047 Romanis,
786 1946 932 2057 perfecit
957 1962 1105 2035 bellum.
1158 1959 1280 2035 Latini
1298 1982 1386 2031 nam-

411 2105 483 2177 que
505 2083 540 2151 &
564 2078 730 2165 Hernici,
756 2078 884 2153 relidis
911 2078 1059 2168 Volscis,
1092 2083 1222 2155 domos
1249 2072 1386 2179 profesti

411 2195 505 2284 sunt,
533 2196 634 2271 malis
662 2198 812 2295 consiliis
838 2225 934 2298 pares
958 2200 1076 2299 adepti
1100 2222 1261 2277 eventus.
1310 2194 1387 2269 Vol·

410 2316 473 2405 sci,
502 2316 568 2391 ubi
585 2314 618 2390 se
635 2316 786 2392 desertos
803 2321 848 2393 ab
865 2318 914 2393 eis
925 2314 1057 2409 videre,
1089 2347 1248 2419 quorum
1266 2313 1386 2391 fiducia

410 2439 671 2526 rebellaverant,
705 2437 834 2513 relidis
858 2438 986 2527 castris,
1013 2440 1206 2519 moenibus
1223 2434 1340 2515 Satrici
1356 2430 1385 2506 se

411 2556 612 2631 includunt.
662 2561 764 2658 Qtos
787 2558 902 2657 primo
928 2560 1100 2635 Camillus
1122 2564 1217 2636 vallo
1243 2558 1385 2634 circum·

410 2679 506 2765 dare,
551 2680 585 2752 a
618 2704 744 2777 aggere
772 2699 878 2777 atque
908 2680 1074 2778 operibus
1106 2685 1310 2782 obpugnare
1341 2672 1386 2749 est

408 2801 562 2873 adortus.
611 2802 715 2899 Quae
725 2798 911 2898 postquam
930 2802 1027 2875 nulla
1039 2802 1226 2899 eruptione
1241 2791 1382 2897 inpediri

408 2920 526 3006 videt3
553 2916 673 2992 minus
690 2920 757 2992 effe
777 2918 886 2993 animi
904 2944 996 2995 ratus
1014 2920 1051 2995 in
1074 2922 1188 3011 hoste,
1223 2944 1328 3019 quam
1348 2932 1385 2987 ut

408 3041 447 3114 in
463 3067 506 3114 eo
520 3062 592 3113 tarn
606 3040 718 3111 lentae
729 3037 800 3137 spei
815 3040 997 3115 vicioriam
1015 3041 1242 3141 exspestaret,
1269 3038 1383 3113 cohor-

408 3182 500 3236 tatus
529 3158 673 3247 milites‚
705 3186 763 3247 ne,
792 3182 974 3258 tamquam
1000 3163 1105 3259 Vejos
1131 3165 1381 3261 obpugnantes,

408 3281 576 3378 inopere
606 3278 807 3377 longinquo
837 3279 903 3354 sese
935 3304 1097 3371 tererent,
1141 3280 1324 3359 vidioriam
1348 3272 1382 3345 in

409 3400 573 3473 manibus
600 3400 686 3485 esl'e3
722 3398 858 3497 ingenti
875 3401 1033 3477 militum
1057 3402 1233 3477 alacritate
1250 3391 1382 3475 moenia

406 3517 568 3615 undique
589 3519 779 3615 adgressus,
805 3517 902 3595 scalis
921 3522 1098 3620 oppidum
1115 3523 1221 3623 cepit.
1272 3508 1381 3593 Volsci

405 3636 548 3736 abjeslis
564 3636 669 3711 armis
686 3635 753 3711 sese
771 3639 997 3715 dediderunt.

456 3761 521 3834 IX.
547 3760 715 3833 Ceterum
740 3758 880 3833 animus
904 3761 1005 3835 ducis
1032 3763 1081 3837 rei
1102 3764 1239 3862 majori,
1261 3754 1379 3838 Antio,

407 3880 612 3955 inminebat.
662 3881 705 3953 Id
728 3900 833 3977 caput
849 3880 1070 3972 Volscorum,
1097 3874 1175 3959 ea'm
1193 3884 1292 3959 fuisse
1317 3874 1380 3953 ori·

406 4003 528 4101 ginem
547 3998 702 4099 proximi
719 3999 815 4074 belli.
866 4002 935 4075 Sed
954 4004 1040 4101 quia
1055 4004 1116 4079 nisr
1135 4032 1266 4105 magno
1280 4000 1379 4095 adpa-

405 4146 494 4210 ratu,
524 4119 706 4198 tormentis
728 4119 985 4221 machinisque,
1014 4146 1085 4201 tam
1099 4124 1216 4203 valida
1231 4126 1311 4199 urbs
1327 4140 1377 4191 ca-
