3067 5342
532 713 764 786 Lraan
815 709 882 786 IX.
988 743 990 748 ·
1126 729 1198 808 415

215 881 297 960 fuit.
346 882 451 960 Nihil
472 883 624 982 usquam
656 883 757 960 dictu
794 883 949 983 dignum
984 882 1068 970 aufi,
1099 877 1201 955 trinis

212 1002 330 1079 castris
344 1003 436 1078 intra
450 1030 581 1103 paucos
597 1004 674 1080 dies
687 1002 800 1092 exuti,
830 1001 975 1102 triginta
987 1003 1128 1076 dierum
1145 1001 1199 1076 in·

214 1122 351 1213 ducias,
377 1124 427 1198 ita
446 1145 490 1199 ut
511 1126 557 1198 ad
579 1123 739 1199 senatum
754 1125 914 1198 Romam
933 1125 1066 1221 legatos
1082 1120 1200 1198 mitte·

215 1263 306 1331 rent,
320 1243 413 1343 padi
429 1243 511 1319 sunt
526 1242 683 1320 bimestri
692 1241 869 1341 stipendio
878 1239 1145 1340 frumentoque,
1162 1247 1198 1320 dt

215 1363 359 1463 lingulis
373 1363 411 1438 in
427 1363 579 1438 militem
597 1362 738 1440 tunicis.
789 1364 851 1438 Ab
868 1361 986 1438 senatu
1004 1361 1050 1436 ad
1064 1361 1199 1439 Marci-

214 1509 281 1558 um
312 1482 444 1581 rejecti,
487 1483 547 1558 cui
580 1480 877 1558 senatusconsulto
909 1479 1114 1581 permissum
1153 1483 1199 1558 de

216 1602 388 1679 Hernicis
413 1622 501 1677 erat:
535 1599 635 1701 isque
660 1629 737 1677 eam
754 1621 899 1701 gentem
916 1599 954 1676 in
978 1598 1199 1677 deditionem

215 1723 364 1822 accepit.
416 1725 464 1798 Et
487 1721 525 1798 in
551 1721 695 1797 Samnio
720 1724 807 1796 alter
829 1719 952 1797 consul
975 1718 1131 1819 superior
1147 1719 1199 1796 vi·

215 1844 326 1932 ribus,
356 1841 444 1918 locis
472 1841 665 1941 inpeditior
689 1860 772 1917 erat.
823 1841 958 1916 Omnia
982 1839 1107 1916 itinera
1133 1843 1198 1918 ob-

215 1963 386 2062 sepserant
414 1962 542 2052 hostes,
573 1959 747 2061 saltusque
773 1961 910 2060 pervios
943 1981 1121 2058 ceperant,
1154 1987 1202 2038 ne

218 2109 293 2183 qua
324 2081 472 2158 subvehi
503 2102 722 2158 commeatus
763 2082 922 2180 pollent:
969 2105 1088 2180 neque
1125 2108 1198 2172 eos,

214 2227 333 2300 quum
359 2200 520 2300 quotidie
542 2205 637 2302 signa
661 2200 700 2274 in
725 2197 840 2275 aciem
867 2198 990 2274 c'onsul
1016 2198 1197 2298 proferret,

215 2322 341 2398 elicere
361 2324 409 2397 ad
430 2343 608 2397 certamen
629 2339 787 2419 poterat:
822 2316 970 2417 satisque
997 2321 1198 2418 adparebat,

215 2441 553 2542 nequesamnitem
581 2461 757 2515 certamen
778 2436 950 2540 praesens,
981 2465 1048 2515 nec
1064 2442 1200 2516 Roma·

215 2589 305 2638 num
322 2560 530 2636 dilationem
556 2559 641 2637 belli
664 2563 831 2636 laturum.
882 2559 1071 2636 Adventus
1099 2563 1199 2638 Mar·

216 2682 277 2772 cii,
311 2681 392 2781 qui,
428 2679 600 2756 Hernicis
631 2678 796 2768 subadis,
827 2677 1014 2754 maturavit
1043 2681 1199 2780 collegae

214 2801 334 2878 venire
357 2800 507 2890 auxilio,
541 2826 677 2876 moram
706 2799 907 2876 certaminis
936 2798 1027 2874 hosti
1054 2800 1198 2876 exemit.

215 2927 326 3016 Nam,
361 2942 404 2996 ut
432 2920 498 3020 qui
527 2947 572 2996 ne
601 2919 700 2996 alteri
717 2919 868 3020 quidem
894 2917 1066 2994 exercitui
1092 2919 1126 2996 se
1152 2924 1199 2997 ad

212 3064 390 3120 certarnen
430 3039 656 3116 credidilsent
695 3065 807 3139 pares,
858 3039 1029 3139 conjungi
1069 3039 1198 3139 utique

213 3167 296 3261 paffi
319 3165 411 3237 duos
427 3159 623 3236 consulares
641 3157 818 3234 exercitus
837 3157 928 3232 nihil
945 3159 1128 3234 crederent
1142 3159 1197 3234 su·

212 3284 341 3382 pereffe
374 3281 459 3382 spei,
505 3279 754 3356 advenientem
792 3277 1025 3377 incompofito
1055 3277 1197 3378 agmine

213 3402 397 3479 Marcium
423 3399 690 3500 adgrediuntur.
741 3397 892 3497 Raptim
915 3397 1072 3474 conlatae
1097 3397 1197 3476 sarci-
1286 3399 1290 3404 ’

214 3551 280 3598 nae
313 3523 352 3598 in
382 3520 569 3610 medium;
603 3523 653 3608 δι,
684 3538 790 3618 prout
817 3537 959 3617 tempus
987 3519 1197 3616 patiebatur,

214 3643 380 3719 instructa
404 3641 507 3717 acies.
556 3640 701 3716 Clamor
718 3637 875 3737 primum
898 3636 936 3710 in
953 3635 1074 3712 stativa
1088 3641 1199 3738 perla-

212 3782 284 3851 tus,
318 3762 403 3838 dein
437 3759 645 3860 conspedlus
676 3760 802 3856 procul
834 3756 965 3855 pulvis,
999 3759 1198 3834 tumultum

212 3883 311 3981 apud
340 3883 490 3959 alterurn
516 3879 698 3956 consulem
723 3878 762 3952 in
791 3874 908 3952 castris
935 3875 1029 3952 fecit
1079 3876 1197 3978 Isque,

214 4000 401 4078 confestim
429 4027 527 4078 mma
554 4025 679 4098 capere
699 4000 811 4096 juffis,
839 3995 1038 4098 raptimque
1060 3998 1199 4074 eductis
1236 4047 1239 4056 ·

213 4121 252 4217 in
275 4120 389 4200 aciem
414 4120 604 4210 militibus,
637 4115 861 4196 transversam
887 4115 1043 4212 hostium
1069 4119 1195 4212 aciem,
