3067 5342
524 728 738 800 Lrsnn
791 729 835 799 V.
1133 751 1177 825 59

197 900 355 976 hostium
369 900 506 1000 ingens,
524 899 713 976 certamine
726 903 824 974 haud
840 898 918 973 sane
931 898 1088 998 asperum
1100 898 1180 973 suit.
1210 985 1214 993 ι

198 1019 289 1094 Fusa
306 1019 478 1094 concursu
493 1021 608 1118 primo
625 1019 716 1094 acies
741 1020 779 1095 in
794 1020 934 1120 fugam:
969 1019 1081 1094 millia
1098 1023 1180 1094 octo

196 1163 410 1216 armatorum
434 1145 479 1214 ab
502 1141 683 1240 equitibus
707 1139 904 1227 interclusa,
928 1139 1046 1236 posrtis
1062 1139 1179 1228 armis,

199 1261 237 1334 in
258 1261 479 1335 deditionem
496 1283 678 1338 venerunt.
700 1282 702 1290 ·
731 1263 818 1356 Ejus
836 1258 919 1335 belli
939 1258 1032 1334 sama
1052 1258 1182 1346 effecit,

198 1381 293 1455 nese
310 1408 448 1479 pugnae
460 1380 723 1455 committerent
732 1381 935 1478 Salpinates.
986 1379 1184 1454 Moenibus

200 1501 323 1576 armati
340 1500 372 1575 se
395 1503 609 1576 tutabantur.
660 1500 818 1576 Romani
845 1501 987 1598 praedas
1013 1502 1132 1595 paffim
1150 1506 1184 1572 lle·

200 1649 245 1696 ex
259 1621 428 1718 Salpinati
446 1646 542 1720 agr0,
561 1626 595 1694 δι
613 1647 658 1694 ex
672 1620 888 1707 Volsrnienfi,
906 1621 1006 1693 nullo
1023 1645 1101 1693 eam
1110 1618 1186 1692 vim

201 1763 353 1829 arcente,
380 1763 542 1840 egerunt:
571 1744 686 1816 donec
704 1740 974 1816 Volfinienfibus
989 1739 1075 1813 fessis
1093 1740 1187 1813 bello

204 1889 245 1936 ea
261 1861 481 1949 conditione,
507 1883 549 1934 ut
574 1888 626 1936 res
650 1863 785 1959 populo
803 1865 970 1935 Romano
988 1860 1186 1946 redderent,

203 1981 493 2081 stipendiumque
511 1982 584 2078 ejus
605 1982 689 2054 anni
715 1980 884 2055 exercitui
903 1979 1124 2077 praestarent,
1150 1977 1188 2052 in

204 2102 333 2200 viginti
361 2129 470 2175 annos
493 2101 658 2176 induciae
683 2104 793 2175 datae.
846 2102 986 2174 Eodem
1012 2125 1106 2173 anno
1129 2101 1187 2174 M.

207 2222 397 2297 Caedicius
415 2224 460 2296 de
477 2223 580 2320 plebe
598 2221 781 2296 nunciavit
801 2220 965 2308 tribunis,
989 2218 1022 2293 se
1039 2219 1077 2293 in
1097 2246 1189 2293 nova

207 2341 276 2430 via,
302 2341 367 2416 ubi
390 2341 672 2441 nuncsacellum
695 2342 757 2430 est,
792 2341 893 2438 supra
908 2343 1034 2415 aedem
1052 2339 1189 2428 Vestae,

207 2489 335 2536 vocem
362 2463 475 2536 nostis
501 2461 635 2537 srlentio
659 2461 791 2536 audisse
812 2461 994 2536 clariorem
1021 2464 1189 2549 humana,

208 2609 299 2681 quae
320 2581 577 2682 magistratibus
591 2581 663 2656 dici
680 2583 834 2677 juberet,
853 2583 974 2654 Gallos
992 2584 1190 2655 adventare.

208 2705 264 2791 Id,
283 2724 324 2776 ut
334 2705 387 2790 fit,
405 2725 545 2800 propter
557 2702 707 2776 austoris
721 2699 960 2775 humilitatem
976 2700 1142 2798 spretum,
1158 2705 1192 2775 δι

209 2824 310 2919 quod
323 2822 532 2922 longinqua,
544 2849 658 2920 eoque
670 2821 837 2920 ignotior,
852 2847 938 2919 gens
951 2842 1033 2895 erat.
1061 2825 1193 2920 Neque

211 2945 375 3018 Deorum
389 2944 499 3018 modo
516 2943 664 3031 monita,
683 2941 867 3040 ingruente
879 2939 964 3029 sat0,
982 2940 1115 3038 spreta3
1134 2939 1194 3015 sed

210 3064 404 3136 humanam
428 3089 575 3162 quoque
602 3089 723 3160 opem,
747 3088 838 3160 quae
858 3088 930 3134 una
943 3083 1026 3149 erat,
1045 3064 1103 3134 M.
1122 3064 1194 3134 Fu-

211 3181 306 3258 rium
323 3186 368 3256 ab
382 3186 469 3257 urbe
486 3209 659 3258 amovere.
709 3183 799 3283 Qti,
814 3181 873 3256 die
887 3181 982 3255 dista
992 3184 1037 3256 ab
1054 3185 1100 3256 L.
1119 3191 1194 3280 Ap-

212 3303 331 3399 pulejo
342 3301 485 3377 tribuno
497 3303 610 3402 plebis
621 3325 762 3401 propter
772 3303 936 3400 praedam
951 3303 1195 3397 Vejentanam,
1299 3345 1304 3362 ·

214 3421 287 3496 filio
300 3448 447 3522 quoque
464 3421 681 3497 adolescente
699 3450 760 3521 per
776 3422 873 3496 idem
888 3444 1027 3522 tempus
1040 3427 1196 3513 orbatus,

213 3567 344 3640 quum,
372 3542 498 3618 adcitis
523 3545 676 3616 domum
707 3541 897 3618 tribulibus
924 3541 1196 3642 clientibusque,

216 3669 363 3762 (magna
399 3688 474 3760 pars
507 3662 620 3761 plebis
651 3665 737 3757 erat)
779 3666 1026 3761 pereundams
1060 3663 1198 3739 animos

214 3807 353 3872 eorum,
372 3781 571 3880 responsum
585 3783 727 3872 tulisset,
754 3794 779 3826 “
798 3782 831 3857 se
846 3785 1057 3870 conlaturos,
1075 3782 1200 3882 quanti

215 3905 447 3977 “damnatus
477 3905 571 3993 effer,
600 3903 776 3979 absolvere
796 3930 881 3978 eum
904 3931 976 3977 non
999 3904 1129 4001 poffe,''
1162 3902 1200 3976 in

215 4021 377 4097 exsilium
389 4021 493 4097 abiit:
514 4047 673 4123 precatus
687 4028 731 4100 ab
747 4023 828 4099 Diis
845 4022 1104 4110 inmortalibus,
1132 4033 1158 4067 “
1177 4026 1199 4096 sr

154 4181 158 4192 ·
216 4154 241 4186 “
262 4143 410 4225 innoxio
421 4144 482 4222 fibi
496 4171 537 4220 ea
547 4143 673 4241 injuria
686 4147 797 4234 fieret,
815 4144 931 4244 primo
948 4170 1094 4243 quoque
1109 4165 1198 4219 tem-
