3067 5342
496 639 533 712 L
560 665 573 712 1
604 665 623 713 a
653 664 676 713 rr
703 664 726 712 n
779 640 845 713 IX.
1106 666 1173 740 341

239 812 283 890 V..
311 809 487 917 Consules¹
509 813 657 911 prosedi
679 815 725 889 ad
743 811 915 888 Pontium
931 809 969 885 in
986 810 1173 909 conloqui·

33 913 36 920 ¹
116 947 118 950 ’
188 957 266 1018 um,
293 958 410 1031 quum
432 933 476 1006 de
501 933 640 1008 foedere
658 934 771 1010 vietor
792 932 951 1030 agitaret,
986 953 1173 1032 negarunt,

117 1079 121 1090 ·
189 1051 319 1148 injussu
343 1051 468 1149 populi
486 1037 705 1128 foedusfieri
723 1054 835 1150 posse:
866 1078 932 1126 nec
949 1055 1018 1126 fine
1041 1050 1173 1128 feciali-

188 1171 257 1245 bus
273 1170 546 1270 ceremoniaque
563 1173 631 1246 alia
649 1172 821 1247 sollemni.
871 1173 995 1269 ltaque
1012 1197 1098 1261 non,
1132 1193 1175 1246 ut

185 1294 297 1390 vulgo
326 1292 488 1380 credunt,
523 1291 766 1391 Claudiusque
799 1289 907 1365 etiam
935 1289 1067 1379 scribit,
1095 1289 1170 1366 foe-

187 1412 271 1484 dere
288 1435 358 1510 pax
375 1410 551 1499 Caudina,
576 1410 636 1486 sed
662 1437 725 1509 per
741 1410 973 1510 sponfionem,
1000 1409 1091 1484 sac'ta
1110 1412 1170 1486 est.

187 1530 291 1631 Qrid
319 1531 416 1606 enim
433 1554 494 1606 aut
511 1531 734 1630 sponsoribus
759 1531 798 1606 in
812 1531 954 1607 foedere
982 1557 1073 1629 opus
1088 1534 1171 1605 esset

185 1673 248 1726 aut
280 1651 472 1740 obsrdibus,
519 1652 585 1728 ubi
623 1651 825 1750 precatione
860 1679 911 1727 res
944 1650 1169 1751 transigitur?

186 1780 430 1869 “perquem
458 1773 636 1871 populum
669 1774 742 1861 siat,
769 1798 845 1871 quo
877 1772 998 1847 minus
1028 1771 1169 1870 legibus

186 1899 211 1932 “
231 1889 335 1964 dictis
366 1891 486 1978 stetur,
517 1912 558 1965 ut
585 1917 669 1966 eum
696 1892 744 1966 ita
774 1891 916 1990 Jupiter
941 1889 1054 1979 feriat,
1081 1918 1168 1990 que·
1211 1982 1214 1989 .

187 2018 212 2052 ‘¹
232 2010 468 2085 madmodum
481 2009 695 2087 afecialibus
711 2037 840 2110 porcus
856 2011 1032 2086 setiamr.''
1080 2015 1168 2109 Spo-

184 2132 388 2228 ponderunt
419 2129 591 2219 consules,
634 2131 754 2231 legati,
787 2131 998 2229 quaestores,
1032 2131 1167 2216 tribuni

184 2247 342 2323 militurn
356 2282 368 2336 3
415 2249 634 2350 nominaque
665 2251 845 2339 omnium,
873 2252 938 2350 qui
970 2250 1167 2353 spoponde-

185 2390 281 2456 runt,
315 2370 467 2444 exstante
495 2369 574 2458 ubi,
605 2375 628 2444 sr
655 2397 700 2445 ex
724 2370 865 2446 foedere
890 2374 968 2446 atta
992 2399 1045 2447 res
1069 2374 1165 2460 effet,

182 2510 425 2589 praeterquam
455 2491 610 2565 duorum
640 2489 832 2579 fecialium,
866 2518 939 2566 non
972 2492 1167 2579 exstarent,

183 2614 217 2682 δι
235 2629 376 2708 propter
392 2611 615 2686 necessariam
632 2609 782 2685 foederis
798 2610 1007 2686 dilationem
1029 2613 1165 2686 obfides

183 2727 291 2802 etiam
314 2727 468 2804 sexcenti
491 2729 627 2829 equites
649 2729 825 2828 imperati,
860 2729 924 2828 qui
953 2729 1068 2828 capite
1090 2731 1165 2803 lue-

182 2869 272 2938 rent,
305 2852 447 2945 srpaslo
464 2875 538 2924 non
560 2851 716 2924 staretur.
766 2853 929 2947 Tempus
945 2849 1030 2925 inde
1058 2849 1165 2936 statu-

181 2990 260 3042 tum
279 2968 458 3042 tradendis
480 2969 662 3046 obsidibus
678 2969 909 3067 exercituque
927 2968 1055 3044 inermi
1080 2969 1163 3044 mit-

182 3090 303 3162 tendo.
353 3087 627 3188 Redintegravit
639 3089 779 3162 ludum
792 3087 831 3163 in
848 3087 965 3163 castris
978 3088 1164 3166 consulum

180 3209 367 3297 adventus,
397 3230 439 3282 ut
454 3209 520 3281 vix
542 3212 587 3284 ab
612 3207 655 3282 iis
672 3206 884 3282 abstinerent
900 3235 1041 3297 manus,
1066 3189 1163 3307 quo-

179 3353 261 3402 tum
289 3328 482 3403 temeritate
513 3327 551 3403 in
578 3354 663 3402 eum
696 3329 819 3401 locum
851 3328 998 3402 deducti
1026 3331 1161 3416 effent3

179 3475 336 3547 quorum
369 3447 510 3548 ignavia
539 3446 679 3522 foedius
711 3446 809 3535 inde,
847 3472 956 3546 quam
979 3447 1163 3536 venissent,

180 3568 322 3644 abituri.
372 3567 445 3642 Illis
469 3594 544 3641 non
561 3570 692 3641 ducem
711 3568 887 3654 locorum,
913 3593 987 3641 non
1004 3569 1162 3665 explora-

178 3709 292 3762 torem
310 3685 427 3762 fuilse:
456 3689 653 3762 belluarum
684 3687 795 3761 modo
819 3712 939 3762 caecos
961 3687 1000 3760 in
1022 3686 1161 3760 foveam

163 3807 307 3882 missos.
358 3805 434 3882 Alii
451 3806 537 3881 alios
555 3805 696 3894 intueri,
724 3806 955 3904 contemplati
965 3832 1061 3880 arma
1075 3831 1164 3880 mox

179 3927 362 4014 tradenda,
394 3923 429 4002 δὲ
463 3925 614 4000 inermes
643 3924 778 3999 futuras
808 3927 960 4016 dextras,
990 3926 1162 4002 obnoxia-

178 4073 251 4145 que
268 4072 415 4146 corpora
440 4045 544 4122 hosti.
594 4049 795 4144 Proponere
825 4044 964 4122 fibimet
992 4044 1055 4146 ipfi
1082 4068 1163 4123 ante
