3067 5342
407 707 477 785 ¹5⁰
735 686 1050 761 T.Lrvrt

406 858 499 933 citus
514 886 555 935 ac
572 860 698 935 ducesz
725 860 914 958 otiumque
929 859 1025 948 inde,
1052 876 1237 957 quantum
1255 882 1276 929 a
1295 850 1386 927 Vols-

408 976 473 1065 cis,
498 976 579 1053 suit.
628 981 672 1053 Id
698 983 811 1055 modo
827 1000 986 1054 extremo
1004 1004 1099 1053 anno
1117 976 1386 1057 tumultuatum,

407 1098 510 1195 quod
542 1098 755 1175 Praenestini
786 1098 969 1175 concitatis
995 1098 1218 1173 Latinorum
1254 1092 1388 1193 populis

409 1218 631 1295 rebellamnt.
681 1220 823 1294 Eodem
848 1245 941 1293 anno
963 1220 1108 1307 Setiam,
1146 1218 1229 1316 ipsrs
1244 1238 1387 1313 queren-

408 1335 505 1411 tibus
530 1338 714 1435 penuriam
730 1338 933 1427 hominum,
967 1339 1051 1413 novi
1069 1336 1194 1413 coloni
1220 1329 1388 1430 adscripti.

408 1455 605 1556 Rebusque
627 1460 725 1533 haud
740 1458 911 1559 prosperis
926 1460 1032 1547 bello,
1060 1456 1263 1533 domestica
1280 1450 1387 1551 quies,

409 1600 519 1673 quarn
536 1576 761 1653 tribunorum
787 1578 943 1653 militum
962 1581 1129 1676 explebe
1149 1576 1265 1677 gratia
1278 1568 1389 1669 majes-

408 1694 529 1793 tasque
544 1696 635 1772 inter
648 1696 729 1773 suos
745 1698 915 1787 obtinuit,
941 1697 1103 1773 solatium
1122 1696 1207 1771 fuit.

460 1818 602 1891 XXXI.
627 1818 846 1917 Insequentis
862 1818 944 1893 anni
966 1816 1143 1918 principia
1166 1816 1286 1889 statim
1308 1809 1390 1889 sedi·

410 1932 507 2010 tione
536 1936 673 2037 ingenti
704 1938 825 2027 arsere,
855 1938 1005 2013 tribunis
1032 1938 1196 2013 militum
1224 1928 1388 2009 consulari

409 2055 579 2151 potestate
612 2060 672 2155 Sp.
700 2057 823 2147 Furio,
854 2063 911 2159 Q
929 2056 1075 2132 Servilio
1100 2054 1319 2139 secundum,
1349 2050 1388 2122 C.

412 2174 571 2264 Licinio,
603 2180 644 2251 P.
666 2177 818 2266 Cloelio,
852 2180 911 2253 M.
942 2178 1108 2265 Horatio,
1144 2180 1194 2253 L.
1220 2166 1389 2271 Geganio.

411 2296 496 2367 Erat
510 2316 631 2369 autem
648 2300 682 2369 δι
699 2297 891 2373 materia&
910 2300 1022 2373 cauffo
1037 2295 1223 2373 seditionis
1240 2316 1297 2367 aes
1312 2286 1387 2361 alie·

411 2437 518 2487 num:
551 2415 650 2510 cujus
665 2414 834 2490 noscendi
856 2416 965 2517 gratia
980 2420 1039 2515 Sp.
1057 2416 1230 2491 Servilius
1244 2407 1387 2492 Priscus,

410 2536 467 2634 Q
481 2532 638 2607 Cloelius
659 2534 799 2610 Siculus
822 2536 978 2611 censores
1003 2535 1100 2625 fatti,
1131 2562 1180 2611 ne
1212 2559 1287 2608 rem
1314 2551 1389 2627 age·

410 2674 501 2742 rent,
525 2657 619 2729 bello
641 2654 792 2755 inpediti
808 2655 900 2730 sunt.
949 2660 1119 2753 Namque
1148 2651 1283 2753 trepidi
1303 2672 1387 2722 nun-

409 2774 458 2849 cii
484 2774 614 2872 primo,
639 2774 726 2875 fuga
742 2776 872 2850 deinde
895 2802 939 2850 err
962 2775 1053 2875 agris
1072 2776 1233 2874 legiones
1249 2766 1386 2845 Volsco·

410 2921 492 2970 rum
519 2893 680 2994 ingressas
707 2896 808 2984 fines,
838 2894 1071 2996 popularique
1103 2898 1228 2995 passim
1259 2892 1386 2963 Roma·

410 3042 499 3091 nurn
516 3040 655 3113 agrum,
689 3016 857 3089 adtulere.
907 3017 950 3089 In
965 3042 1036 3113 qua
1059 3012 1295 3113 trepidatione
1317 3028 1386 3079 tan·

410 3158 490 3209 tom
515 3134 618 3221 abrit,
646 3156 688 3207 ut
720 3133 840 3209 civilia
871 3133 1060 3208 certamina
1086 3155 1195 3208 terror
1228 3148 1386 3205 externus

411 3254 605 3343 cohiberet,
631 3274 807 3328 utcontra
821 3280 864 3327 eo
876 3252 1064 3328 violentior
1076 3254 1228 3352 potestas
1242 3238 1385 3325 tribuni·

410 3374 467 3448 cia
492 3372 710 3472 inpediendo
727 3373 881 3447 delestui
905 3374 1006 3447 effeta
1031 3375 1147 3448 donec
1166 3367 1385 3448 conditiones
1515 3378 1516 3433 3

410 3492 576 3591 inpositae
603 3492 780 3579 Patribus,
812 3519 856 3566 ne
883 3492 977 3591 quis,
1005 3495 1125 3591 quoad
1152 3496 1325 3569 bellatum
1341 3478 1386 3556 es·
1515 3544 1516 3555 .

408 3609 472 3700 set,
499 3610 674 3686 tributum
697 3614 808 3700 daret,
843 3632 904 3685 aut
925 3612 986 3708 jus
1012 3613 1057 3686 de
1083 3614 1238 3712 pecunia
1262 3601 1389 3685 credita

409 3732 554 3808 diceret.
605 3734 661 3805 Eo
678 3732 879 3806 laxamento
892 3732 988 3830 plebi
1001 3731 1131 3823 sumto,
1159 3760 1260 3809 mora
1275 3728 1385 3803 delec-

408 3852 462 3929 tui
476 3880 548 3927 non
562 3851 612 3927 est
625 3850 726 3926 satia.
777 3851 1001 3951 legionibus
1019 3852 1119 3927 novis
1141 3852 1291 3953 scriptis,
1317 3844 1385 3945 pla·
1515 3844 1516 3847 '

409 3972 499 4063 cuit,
528 3974 620 4047 duos
646 3970 821 4047 exercitus
849 3970 886 4045 in
910 3998 1035 4071 agrum
1056 3971 1226 4049 Volscum
1242 3961 1384 4070 legioni·
1515 3956 1516 3985 ³

408 4095 477 4169 bus
493 4091 610 4168 divifis
627 4091 724 4168 duci.
774 4094 834 4191 Sp.
853 4090 994 4179 Furius,
1026 4094 1084 4167 M.
1107 4094 1280 4169 Horatius
1303 4090 1384 4163 dex·
1515 4104 1516 4141 1
