3067 5342
389 642 460 717 ¹54
751 618 800 692 Τ.
851 619 1044 691 Lrvrr

384 795 486 883 iram,
514 795 627 893 quod,
656 791 794 871 deserto
826 792 1012 869 communi
1040 790 1202 867 concilio
1224 788 1366 867 latino-

384 942 478 1003 rum,
513 940 586 988 non
617 913 655 988 in
680 912 883 989 societatem
910 916 1020 989 modo
1054 916 1278 998 Romanam,
1313 908 1368 983 sed

384 1034 491 1109 etiam
523 1034 561 1108 in
597 1033 792 1122 civitatem,
836 1031 869 1108 se
906 1034 1090 1109 dedissent.
1163 1028 1368 1107 Patentibus

384 1154 495 1253 portis
512 1180 629 1253 quum
647 1153 824 1253 inproviso
837 1152 1050 1242 incidissent,
1083 1153 1207 1252 primo
1221 1153 1368 1227 clamore

386 1274 564 1373 oppidum
594 1297 730 1372 praeter
751 1300 870 1349 arcem
897 1296 1043 1373 captum
1069 1274 1132 1348 est.
1185 1273 1230 1346 In
1258 1296 1369 1344 arcem

386 1393 557 1495 oppidani
591 1393 750 1494 refugere
785 1420 869 1468 cum
909 1394 1125 1493 conjugibus
1161 1418 1204 1467 ac
1244 1386 1370 1473 liberis,

388 1513 610 1614 nuntiosque
625 1516 798 1601 Romam,
830 1511 893 1612 qui
919 1512 1103 1588 certiorem
1137 1514 1185 1585 de
1210 1510 1275 1584 suo
1297 1504 1372 1581 casu

387 1635 546 1711 senatum
563 1634 731 1723 facerent,
761 1631 896 1708 misere.
946 1633 1062 1707 Haud
1079 1630 1240 1731 segnius,
1269 1652 1373 1726 quam

388 1758 459 1831 fide
477 1754 602 1855 populi
619 1754 778 1829 Romani
802 1753 957 1852 dignum
974 1751 1056 1839 suit,
1083 1752 1268 1827 exercitus
1285 1743 1372 1821 Tus·

388 1878 514 1951 culum
544 1876 685 1949 duclus.
735 1876 783 1949 1„
806 1872 1000 1974 Qrinciius
1027 1878 1061 1947 δι
1089 1875 1164 1947 Ser.
1195 1865 1373 1965 Sulpicius

389 1994 525 2073 tribuni
542 1993 700 2069 militum
718 1995 864 2067 duxere.
913 1992 1056 2068 Clausas
1075 2015 1197 2091 portas
1211 1984 1371 2070 Tusculi,

388 2113 607 2213 Latinosque
633 2114 736 2187 fimul
764 2112 1004 2188 obfidentiutn
1026 2136 1132 2213 atque
1158 2111 1375 2188 obsessorum

388 2234 510 2309 auimo
534 2232 619 2306 hinc
648 2232 791 2307 moenia
812 2231 961 2309 Tusculi
993 2233 1083 2309 tucri
1100 2233 1244 2319 vident,
1278 2227 1373 2303 illinc

388 2379 507 2429 arcem
535 2356 763 2451 obpugnare3
794 2374 919 2427 terrere
945 2378 1018 2427 una
1042 2380 1083 2429 ac
1107 2380 1248 2451 pavere.
1300 2347 1374 2423 Ad·

387 2492 515 2547 ventus
547 2474 799 2547 Romanorum
832 2494 1027 2547 mutaverat
1055 2463 1372 2571 utriusquepartis

390 2591 538 2667 animos.
588 2590 810 2666 Tusculanos
824 2618 868 2665 ex
883 2590 1019 2690 ingenti
1036 2614 1134 2667 metu
1150 2592 1189 2667 in
1200 2591 1373 2665 summam

389 2712 618 2800 alacritatem,
651 2712 801 2787 Latinos
817 2738 861 2786 ex
888 2738 997 2809 prope
1023 2733 1117 2787 certa
1133 2710 1273 2787 fiducia
1292 2729 1375 2783 mox

391 2832 583 2933 capiendae
599 2831 701 2920 arcis,
728 2832 902 2931 quoniam
932 2831 1069 2930 oppido
1092 2831 1307 2929 potirentur,
1337 2824 1373 2898 in

392 2952 561 3052 exiguam
588 2944 633 3027 d'e
650 2950 684 3027 se
714 2951 793 3050 ipsrs
816 2950 912 3051 spem
939 2974 1098 3028 verterat.
1147 2950 1309 3027 Tollitur
1333 2966 1375 3017 ex

392 3100 471 3148 arce
498 3075 632 3147 clamor
654 3076 700 3147 ab
727 3071 957 3147 Tusculanis:
985 3072 1164 3171 excipitur
1192 3071 1375 3169 aliquanto

392 3196 522 3290 majore
539 3196 585 3267 ab
601 3191 758 3267 exercitu
777 3194 957 3267 Romano.
1006 3192 1205 3291 Utrimque
1224 3210 1374 3291 urguen-

393 3334 452 3387 tur
478 3310 619 3385 Latini:
655 3338 720 3385 nec
747 3310 890 3410 inpetus
916 3311 1219 3402 Tusculanorum,
1253 3312 1375 3386 decur-

394 3430 549 3505 rentium
564 3455 610 3503 ex
626 3427 800 3527 superiore
819 3433 914 3520 loco,
939 3432 1125 3507 sustinent:
1158 3460 1224 3507 nec
1244 3435 1376 3506 Rorna-

395 3576 473 3638 nos,
499 3548 689 3624 subeuntes
712 3547 854 3625 moenia
869 3551 1125 3651 molientesque
1149 3552 1271 3627 obices
1299 3570 1374 3648 por·

395 3694 524 3759 tarum,
553 3695 668 3745 arcere
692 3672 845 3767 potsunt.
894 3671 1001 3747 Scalis
1019 3673 1117 3770 prius
1134 3672 1278 3747 moenia
1297 3690 1375 3761 cap·

394 3814 449 3880 ta;
493 3791 579 3866 inde
609 3790 749 3865 effracta
773 3790 920 3865 claustra
948 3814 1140 3889 portarum.
1191 3795 1240 3867 Et
1265 3807 1376 3889 quum

394 3938 524 4009 anceps
543 3908 651 3985 hostis
666 3914 701 3984 a
718 3936 740 3983 a
756 3906 871 3985 fronte
889 3915 922 3985 &
940 3938 961 3983 a
977 3932 1075 4011 tergo
1091 3932 1278 4011 urgueret,
1311 3926 1373 3979 nec

394 4036 440 4109 ad
463 4058 625 4133 pugnam
652 4032 726 4105 ulla
753 4029 819 4119 vis,
851 4056 917 4105 nec
949 4032 996 4105 ad
1021 4031 1146 4130 sugam
1171 4032 1242 4115 loci
1270 4023 1372 4129 quid·
