3067 5342
526 658 758 731 L1nnn
816 658 879 735 Vl.
989 698 995 709 ·
1129 683 1197 753 ¹4¹⁸

198 834 293 906 caefi
307 865 315 905 ι
329 831 448 923 ,ceteri
471 830 510 905 in
532 830 662 920 castris,
690 858 782 932 quae
802 854 903 933 capta
926 836 1054 908 eodem
1072 833 1196 933 inpetu

199 950 302 1041 sunt,
311 954 439 1051 'plures'
452 974 571 1027 tamen
588 952 697 1052 capti,
715 979 824 1051 quam
842 953 957 1029 occifi.

257 1075 381 1148 XXV.
407 1072 485 1148 Ubi
510 1073 549 1147 in
569 1072 788 1149 recensendis
806 1073 952 1173 captivis
970 1099 1086 1172 quum
1103 1075 1196 1151 Tus-

201 1193 329 1268 culani
343 1192 481 1292 aliquot
498 1193 763 1281 noscitarentur,
782 1193 902 1269 secreti
918 1200 963 1269 ab
980 1194 1056 1269 aliis
1073 1198 1119 1270 ad
1136 1196 1196 1271 tri·

201 1318 327 1389 bunos
344 1314 585 1404 adducuntur,
603 1314 985 1414 percunctantibusque
999 1314 1083 1403 falfi,
1102 1322 1195 1414 pub-

202 1433 281 1508 lico
304 1432 449 1507 consilio
473 1431 506 1508 se
526 1434 697 1510 militasse.
747 1436 860 1531 Cujus
881 1456 953 1509 tam
977 1434 1087 1510 vicini
1110 1437 1195 1511 belli

201 1573 309 1629 metu
323 1552 495 1628 Camillus
508 1576 639 1643 motus,
657 1566 683 1599 “
702 1559 882 1655 extemplo
895 1555 928 1630 se
943 1559 1101 1631 Romam
1115 1583 1196 1657 cap-

205 1685 234 1718 “
255 1673 347 1749 tivos
375 1676 605 1764 ducturum?
638 1682 699 1765 alt,
731 1687 755 1719 “
775 1703 821 1751 ne
838 1680 956 1751 Patres
976 1674 1090 1774 ignari
1118 1679 1195 1766 sint,

209 1806 238 1839 “
258 1794 481 1869 Tusculanos
504 1799 549 1870 ab
571 1794 732 1871 societate
750 1795 903 1871 descisse.
953 1794 1081 1870 Castris
1098 1824 1197 1873 exer-

208 1926 236 1959 “
256 1914 419 2014 cituique
444 1914 599 2004 interim,
627 1919 650 1990 sr
675 1916 850 2005 videatur,
880 1918 1002 2014 praesit
1027 1918 1197 2017 collega''

209 2039 446 2111 Documento
466 2062 561 2110 unus
578 2035 654 2110 dies
671 2035 797 2125 suerat,
828 2062 872 2111 ne
890 2034 951 2109 sua
967 2036 1108 2111 confilia
1121 2065 1195 2113 me-

208 2156 360 2232 lioribus
389 2155 583 2255 praeferret.
633 2159 713 2231 Nec
740 2177 859 2231 tamen
885 2177 946 2230 aut
975 2154 1051 2254 ipfi,
1075 2158 1196 2233 autin

213 2276 374 2351 exercitu
408 2276 580 2374 cuiquam
602 2274 680 2351 satis
711 2278 846 2375 placato
876 2276 997 2351 animo
1024 2278 1197 2355 Camillus

210 2399 343 2471 laturus
374 2399 516 2497 culpam
545 2398 619 2493 ejus
636 2395 837 2485 videbatur,
866 2422 940 2493 qua
965 2398 1047 2471 data
1069 2397 1108 2471 in
1125 2420 1197 2475 tam

214 2517 443 2617 praecipitem
460 2517 578 2593 casum
605 2516 803 2616 respublica
827 2518 931 2603 effen
967 2522 1001 2591 &
1024 2543 1141 2614 quum
1158 2519 1197 2594 in

214 2638 382 2728 exercitu,
396 2658 476 2713 tum
493 2642 632 2713 Romae
650 2637 810 2712 constans
827 2636 994 2710 omnium
1006 2635 1099 2711 sama
1111 2661 1195 2728 erat,

214 2784 329 2858 quum
347 2758 441 2833 varia
457 2758 599 2833 fortuna
614 2757 652 2832 in
675 2755 810 2831 Volscis
829 2754 991 2854 gestares
1013 2758 1108 2846 esset,
1135 2764 1197 2834 ad-

215 2878 328 2954 versae
351 2904 493 2979 pugnae
510 2878 686 2979 fugaeque
707 2877 746 2951 in
762 2880 810 2952 L.
829 2876 938 2951 Furio
958 2878 1115 2975 culpam,
1147 2878 1197 2954 se-

212 3000 355 3074 cundae
379 2999 489 3074 decus
512 3025 619 3073 omne
635 3024 742 3095 penes
766 3001 824 3072 M.
844 2997 995 3071 Furium
1009 3000 1088 3073 effe.
1139 3000 1198 3073 In-

214 3118 386 3193 troduslis
410 3118 447 3192 in
468 3118 625 3192 senatum
642 3115 802 3215 captivis,
828 3142 944 3216 quum
968 3118 1063 3192 bello
1085 3120 1197 3218 perse-

215 3240 379 3337 quendos
395 3236 617 3313 Tusculanos
640 3240 758 3311 Patres
781 3236 1001 3326 censuissent,
1029 3239 1198 3316 Camillo-

216 3386 286 3458 que
303 3359 341 3432 id
359 3360 494 3433 bellum
506 3358 746 3445 mandassent3
764 3358 962 3454 adjutorem
979 3356 1041 3433 fibi
1059 3362 1105 3433 ad
1118 3388 1197 3437 eam

217 3506 290 3554 rem
306 3504 423 3553 unum
440 3477 549 3577 petit:
576 3476 827 3576 permissoque,
853 3500 894 3551 ut
911 3504 956 3551 ex
974 3480 1118 3579 collegis
1135 3509 1199 3580 op-

216 3616 315 3688 taret,
343 3624 453 3699 quem
475 3600 592 3685 vellet,
619 3619 741 3671 contra
763 3596 859 3695 spem
882 3596 1047 3672 omnium
1064 3602 1109 3675 L.
1126 3595 1199 3675 Fu·

217 3720 310 3797 rium
324 3718 471 3818 optavit.
520 3723 605 3818 Qra
616 3715 858 3791 moderatione
873 3716 984 3791 animi
996 3743 1110 3816 quum
1125 3724 1198 3796 col-

217 3842 314 3939 legae
331 3837 461 3913 levavit
473 3836 668 3925 infamiam,
684 3858 763 3911 tum
777 3834 839 3909 srbi
854 3834 1000 3934 gloriam
1015 3836 1197 3937 ingentem

215 3958 359 4060 peperit.
409 3961 490 4033 Nec
507 3957 577 4031 fuit
593 3972 684 4031 cum
694 3953 907 4030 Tusculanis
924 3958 1078 4030 bellum:
1111 3986 1198 4056 pace

217 4078 389 4155 constanti
408 4078 484 4154 vim
506 4080 709 4155 Romanam
735 4078 936 4164 arcuerunt,
964 4103 1072 4175 quam
1094 4081 1198 4157 armis
