3067 5342
373 705 416 780 72
701 683 1015 756 T.Lrvr1

373 853 443 941 via,
482 879 573 952 quae
603 853 753 930 sublicio
785 877 893 953 ponte
926 855 1028 930 ducit
1057 857 1103 932 ad
1131 855 1351 952 Janiculum.

372 975 415 1046 In
432 1001 475 1048 eo
489 973 581 1048 clivo
599 1002 654 1048 eas
668 1000 784 1073 quum
801 979 848 1050 L.
864 974 1048 1062 Albinius,
1082 977 1127 1050 de
1144 978 1248 1074 plebe
1273 978 1351 1049 Ro-

372 1119 476 1166 mana
500 1096 622 1182 home,
648 1094 890 1192 conspexisset,
919 1095 1072 1192 plaustro
1102 1096 1294 1194 conjugem
1310 1121 1353 1169 ac

372 1211 499 1287 liberos
525 1216 654 1290 vehens
672 1213 762 1288 inter
779 1235 930 1289 ceteram
950 1217 1106 1302 turbam,
1134 1242 1226 1314 quae
1244 1213 1353 1288 inuti-

373 1331 415 1405 lis
432 1335 526 1406 bello
549 1337 636 1407 urbe
652 1335 863 1408 excedebatz
890 1333 983 1408 sasvo
1008 1333 1115 1408 etiam
1134 1357 1214 1409 tum
1231 1333 1352 1408 discri-

372 1451 469 1525 mine
486 1452 686 1526 divinanrm
703 1456 1013 1550 humanarumque
1027 1479 1157 1541 rerum,
1175 1453 1353 1553 inreligio-

372 1569 450 1646 sum
480 1593 587 1658 ratus,
617 1571 811 1648 sacerdotes
840 1573 1004 1671 publicos
1030 1570 1193 1670 sacraque
1225 1572 1352 1670 populi

373 1691 530 1765 Romani
548 1692 700 1790 pedibus
714 1693 777 1778 ire,
801 1691 973 1790 ferrique;
995 1691 1029 1764 se
1046 1717 1087 1764 ac
1103 1691 1182 1766 suos
1199 1692 1238 1766 in
1253 1691 1352 1766 vehi·

373 1811 456 1882 culo
473 1811 648 1909 conspici;
667 1811 876 1888 descendere
893 1837 1093 1888 uxoremac
1106 1837 1233 1909 pueros
1240 1812 1350 1908 jussit,

372 1928 525 2028 virgines
541 1928 702 2029 sacraque
719 1931 756 2004 in
773 1932 968 2029 plaustnrm
985 1930 1156 2029 inposuit:
1175 1937 1209 2006 oc
1227 1935 1350 2020 Caere,

374 2076 449 2148 quo
466 2051 531 2125 iter
544 2051 782 2128 sacerdotibus
794 2076 878 2141 erat,
891 2051 1061 2149 pervexit.

422 2175 523 2247 XLI.
552 2176 692 2246 Romae
709 2172 863 2260 interim,
878 2171 956 2246 satis
966 2172 1040 2268 jam
1058 2169 1241 2259 omnibus,
1258 2192 1301 2244 ut
1315 2169 1352 2244 in

375 2291 435 2364 tali
449 2317 497 2381 re,
515 2294 560 2366 ad
574 2295 743 2370 tuendam
758 2319 874 2368 arcem
891 2291 1105 2389 compositis,
1122 2295 1226 2366 turba
1241 2290 1351 2366 senio

375 2437 469 2500 rum,
484 2413 610 2486 domos
628 2415 785 2510 regressa,
803 2415 997 2486 adventum
1010 2411 1166 2489 hostium
1178 2411 1352 2486 obstinato

376 2533 422 2606 ad
437 2555 586 2608 mortem
604 2531 724 2606 animo
741 2531 973 2629 exspectabat.
1022 2531 1099 2632 Qri
1112 2557 1235 2605 eorum
1249 2557 1354 2606 curu·

316 2660 319 2668 '
377 2655 426 2725 les
448 2655 616 2752 gesserant
642 2651 875 2750 magistratus,
897 2675 938 2725 ut
961 2651 998 2724 in
1015 2651 1176 2726 fortunae
1192 2649 1356 2748 pristinae

376 2775 626 2876 honorumque
652 2793 714 2845 aut
738 2771 877 2845 virtutis
905 2771 1099 2870 insignibus
1124 2790 1355 2858 morerentur,

377 2919 468 2990 quae
485 2892 722 2992 augustissima
743 2890 845 2965 vestis
862 2891 912 2965 est
928 2889 1039 2964 tensas
1056 2891 1275 2966 ducentibus
1296 2889 1355 2963 tri-

376 3011 686 3111 umphantibusve‚
709 3039 749 3085 ea
764 3011 879 3086 vestiti
896 3011 1018 3084 medio
1034 3010 1179 3088 aedium
1192 3010 1356 3086 eburneis

378 3133 466 3206 sellis
479 3132 607 3207 sedere.
657 3135 760 3221 Sunt,
772 3131 851 3230 qui,
866 3134 923 3204 M.
936 3131 1049 3206 Fabio
1061 3130 1230 3230 pontifice
1244 3131 1357 3206 marti·

376 3278 438 3325 mo
454 3252 629 3351 praefante
647 3277 802 3338 carmen,
828 3251 1005 3325 devovisse
1021 3278 1080 3326 eos
1106 3250 1140 3324 se
1165 3277 1230 3347 pro
1247 3250 1357 3349 patria

379 3370 651 3471 Qriritibusque
669 3371 856 3460 Romanis,
885 3374 1033 3447 tradant.
1084 3372 1192 3459 Galli,
1223 3371 1361 3470 &quia

378 3489 575 3586 interposrta
592 3495 694 3564 noete
711 3519 731 3564 a
753 3493 979 3567 contentione
1001 3519 1141 3591 pugnae
1158 3486 1359 3566 remiserant

377 3609 528 3699 animos,
554 3615 587 3684 br
606 3613 707 3709 quod
727 3637 792 3685 nec
810 3611 847 3685 in
862 3612 936 3686 acie
954 3611 1099 3710 ancipiti
1115 3611 1268 3711 usquam
1284 3637 1357 3686 cer·

379 3753 533 3806 taverunt
549 3729 696 3831 proelio,
721 3752 879 3810 nectum
898 3731 1023 3829 inpetu
1041 3752 1102 3806 aut
1117 3730 1154 3804 vi
1171 3731 1359 3828 capiebant

377 3857 518 3941 urbem,
553 3856 621 3925 stne
655 3853 716 3940 ira,
747 3855 816 3925 fine
838 3855 960 3926 ardore
989 3851 1190 3926 animorum
1219 3852 1357 3951 ingreffi

379 3973 516 4071 postero
530 3972 588 4046 die
605 3975 730 4049 urbem
749 3993 888 4069 patente
901 3971 1042 4048 Collina
1054 3994 1167 4071 porta,
1184 3973 1222 4046 in
1239 3971 1357 4047 sorum

377 4091 599 4194 perveniunt,
646 4091 931 4172 circumferentes
973 4095 1096 4172 oculos
1138 4095 1184 4167 ad
1227 4093 1359 4192 templa
