3067 5342
322 699 425 824 ⁸70
683 727 997 808 T.L1v11

381 897 562 972 Postremo
578 899 641 970 lux
658 898 946 998 adpropinquans
969 898 1189 973 exanimare:
1224 897 1360 972 timori-

382 1041 453 1113 que
471 1038 640 1114 perpetuo
658 1017 773 1115 ipsum
791 1021 926 1092 malum
943 1017 1127 1092 continens
1143 1016 1226 1106 suit,
1244 1045 1360 1116 quum

382 1138 476 1233 signa
493 1135 615 1210 infesta
636 1137 744 1234 portis
771 1137 852 1210 sunt
877 1138 995 1212 inlata
1043 1141 1284 1236 Nequaquam
1309 1158 1361 1211 ta·

382 1279 465 1327 men
483 1281 524 1328 ea
553 1259 669 1344 nodle,
698 1282 814 1354 neque
838 1256 1036 1354 insequenti
1063 1255 1122 1330 die
1149 1256 1267 1330 limilis
1294 1256 1361 1344 illi,

383 1397 474 1470 quae
491 1375 535 1446 ad
557 1375 688 1448 Alliam
709 1397 781 1448 tam
809 1375 935 1473 pavide
956 1374 1106 1473 fugerat,
1129 1374 1252 1448 civitas
1279 1375 1361 1449 suit.

382 1495 479 1565 Nam
496 1517 611 1590 quum
638 1493 783 1567 defendi
799 1496 926 1569 urbem
954 1496 1062 1591 posse,
1092 1517 1165 1568 tam
1188 1519 1293 1593 parva
1308 1521 1361 1568 re-

382 1611 464 1685 lisla
480 1638 601 1699 manu,
628 1611 702 1710 spes
720 1613 818 1686 nulla
839 1614 934 1700 effet,
961 1612 1110 1709 placuit,
1135 1639 1220 1687 cum
1237 1615 1360 1709 conju-

382 1729 487 1828 gibus
504 1757 543 1804 ac
561 1731 679 1806 liberis
690 1731 916 1828 juventutem
941 1729 1130 1805 militarem
1154 1731 1360 1830 senatusque

383 1851 492 1923 robur
525 1849 562 1922 in
591 1877 707 1926 arcem
741 1850 1034 1948 Capitoliumque
1060 1853 1272 1924 concedere:
1308 1878 1361 1925 ar-

382 1968 520 2066 misque
538 1974 570 2043 dr
592 1969 771 2044 frumento
788 1969 949 2056 conlatis,
974 1995 1020 2043 ex
1045 1971 1126 2043 loco
1142 1968 1227 2044 inde
1241 1971 1358 2045 muni-

382 2109 420 2161 to
445 2089 541 2162 Deos
558 2088 789 2186 hominesque
809 2093 844 2163 dc
861 2091 1071 2162 Romanum
1089 2115 1221 2162 nomen
1237 2087 1360 2163 desen-

384 2209 476 2280 dere.
544 2206 742 2280 Flaminem
782 2206 1043 2306 sacerdotesque
1079 2207 1232 2281 Vestales
1269 2206 1364 2282 sacra

384 2323 530 2422 publica
562 2351 583 2398 a
616 2328 736 2414 caede,
772 2331 817 2400 ab
852 2325 1026 2401 incendiis
1060 2329 1185 2424 procul
1208 2326 1360 2401 auferre:

384 2471 448 2518 nec
479 2463 558 2518 ante
586 2443 694 2518 deseri
724 2447 863 2519 cultum
890 2472 1026 2532 eorum,
1063 2472 1173 2543 quam
1203 2472 1276 2518 non
1304 2446 1360 2520 su·

384 2565 565 2662 pereffent,
594 2563 658 2660 qui
685 2565 851 2638 colerent.
900 2563 937 2638 Si
963 2591 1025 2638 arx
1055 2564 1361 2664 Capitoliumque,

381 2683 478 2758 sedes
498 2685 673 2772 Deorum,
704 2687 726 2756 fi
750 2683 900 2770 senatus,
929 2705 1036 2780 caput
1057 2683 1194 2781 publici
1212 2686 1360 2775 consilii,

383 2807 405 2878 sr
423 2803 581 2878 militaris
599 2803 768 2899 juventus
797 2801 1006 2900 superfuerit
1028 2802 1217 2877 inminenti
1239 2804 1363 2879 ruinae

381 2923 491 3012 urbis,
518 2923 658 2998 facilem
670 2923 844 3018 jadluram
859 2923 926 2995 effe
950 2922 1141 3011 seniorum,
1168 2922 1306 2997 relidae
1323 2924 1362 2998 in

380 3046 468 3119 urbe
485 3041 611 3140 utique
628 3041 800 3141 periturae
817 3044 952 3115 turbae.
1004 3045 1065 3130 Et,
1092 3067 1168 3140 quo
1182 3041 1223 3122 id
1239 3042 1361 3141 aequi-

383 3189 442 3238 ore
458 3161 579 3236 animo
593 3163 638 3236 de
654 3163 756 3260 plebe
774 3160 970 3234 multitudo
982 3158 1099 3249 ferret,
1124 3160 1220 3236 senes
1235 3161 1362 3236 trium·

381 3283 500 3379 phales
518 3278 783 3377 consularesque
800 3282 900 3353 srmul
916 3278 950 3353 se
973 3306 1058 3354 cum
1076 3279 1144 3354 illis
1171 3283 1288 3377 palam
1305 3279 1363 3354 di-

381 3425 458 3475 cere
488 3397 667 3485 obituros3
702 3425 767 3471 nec
793 3398 847 3474 his
876 3399 1097 3498 corporibus,
1131 3400 1265 3497 quibus
1287 3427 1362 3474 non

379 3543 475 3592 arma
504 3515 606 3604 ferre,
632 3543 702 3590 non
726 3517 817 3592 meri
843 3518 992 3615 patriam
1019 3521 1166 3617 pollent,
1197 3541 1362 3594 oneratu-

379 3663 434 3712 ros
450 3635 607 3733 inopiam
622 3657 848 3710 armatomm.

428 3759 513 3834 XL.
540 3757 643 3832 Haec
660 3753 749 3829 inter
766 3753 915 3828 seniores
933 3755 1039 3830 morti
1052 3757 1242 3833 destinatos
1251 3759 1361 3855 jada·

379 3897 415 3951 ta
433 3875 563 3950 solatia
615 3875 740 3950 Versae
766 3873 850 3949 inde
870 3875 1129 3952 adhortationes
1155 3880 1202 3952 ad
1230 3904 1359 3978 agmen

372 3997 562 4092 juvenum,
596 4019 686 4092 quos
713 3994 751 4068 in
781 3994 1000 4094 Capitolium
1032 4020 1138 4095 atque
1168 3999 1206 4072 in
1240 4025 1359 4073 arcem

375 4112 686 4214 prosequebantur,
712 4116 1001 4189 commendantes
1014 4116 1137 4192 virtuti
1159 4144 1284 4194 eorum
1295 4117 1356 4214 ju-
