3067 5342
396 644 464 718 106
724 640 1041 717 T.L1v11

391 818 482 893 dum
511 838 619 917 atque
652 815 837 893 incensum
866 818 927 893 elb
986 817 1214 893 Contenebra
1247 840 1374 915 paucos

392 936 469 1013 dies
483 937 791 1038 obpugnationem
806 936 969 1015 sustinuit
977 973 988 1027 3
1020 940 1191 1038 laborque
1212 936 1375 1011 continu·

389 1086 445 1147 us,
491 1086 565 1133 non
596 1059 656 1135 die
686 1086 760 1135 non
789 1062 895 1136 nocte
927 1058 1099 1149 remissus,
1138 1056 1284 1157 subegit
1307 1082 1375 1131 eos.

390 1185 518 1282 Qum
543 1179 581 1253 in
612 1177 672 1256 sex
691 1203 805 1279 partes
832 1179 965 1255 divisus
985 1179 1158 1255 exercitus
1186 1181 1374 1253 Romanus

339 1336 356 1363 r·
390 1299 478 1377 senis
504 1301 600 1376 horis
624 1300 663 1374 in
688 1304 812 1377 orbem
826 1301 1028 1377 succederet
1044 1298 1195 1398 proelio,
1227 1300 1373 1400 oppida·

390 1448 454 1497 nos
467 1419 609 1497 eosdem
627 1422 766 1523 integro
779 1420 914 1521 semper
932 1420 1116 1497 certamini
1135 1420 1297 1520 paucitas
1313 1418 1373 1495 fes-

388 1541 442 1618 sos
458 1542 645 1639 objiceret;
674 1544 800 1617 cellere
825 1542 984 1630 tandem,
1016 1538 1186 1640 locusque
1205 1540 1373 1616 invaden-

388 1661 426 1737 di
443 1665 571 1738 urbem
587 1661 762 1737 Romanis
780 1662 882 1737 datus
900 1662 959 1737 est.
1010 1660 1190 1737 Publicari
1208 1662 1373 1761 praedam

389 1783 542 1859 tribunis
566 1786 743 1883 placebat:
771 1780 832 1857 sed
859 1780 1064 1881 imperium,
1099 1808 1212 1880 quam
1242 1780 1374 1856 confili-

387 1932 465 1994 um,
490 1904 631 2005 segnius
661 1902 742 1978 fuit.
793 1906 895 1979 Dum
917 1904 1143 1989 cunctantur,
1172 1902 1253 1998 jam
1282 1900 1373 1975 mili-

388 2046 467 2099 tum
486 2026 615 2124 praeda
640 2044 730 2111 etat;
757 2050 837 2113 nec,
869 2020 932 2097 nist
955 2049 1017 2122 per
1042 2020 1233 2110 invidiam,
1265 2021 1371 2099 adimi
1518 2080 1519 2103 t

387 2167 533 2245 poterat.
585 2144 727 2219 Eodem
743 2170 852 2232 anno,
879 2168 924 2217 ne
940 2142 1083 2241 privatis
1101 2162 1245 2217 tanmm
1262 2140 1372 2241 operi-

387 2268 453 2341 bus
469 2264 636 2339 cresceret
649 2266 746 2353 urbs,
770 2262 989 2362 Capitolium
1015 2288 1163 2363 quoque
1186 2262 1272 2339 saxo
1289 2288 1371 2363 qua·

386 2388 486 2459 drato
503 2383 739 2460 substructum
756 2384 822 2458 est:
850 2410 941 2481 opus
967 2386 1023 2459 vel
1051 2382 1089 2457 in
1117 2385 1182 2457 hac
1210 2384 1370 2485 magnifi·

383 2504 500 2581 centia
515 2504 613 2581 urbis
626 2502 930 2603 conspiciendum.

436 2628 481 2701 V.
507 2628 588 2723 Jam
605 2628 640 2699 bt
666 2623 802 2701 tribuni
831 2623 958 2723 plebis,
982 2624 1124 2701 civitate
1150 2625 1370 2701 aedificando

386 2768 571 2845 occupata,
608 2744 798 2821 conciones
824 2742 899 2821 suas
925 2745 1145 2845 frequentare
1169 2746 1311 2847 legibus
1336 2769 1368 2818 a·
1518 2826 1519 2829 Ἴ

386 2866 508 2967 gratiis
524 2869 754 2942 conabantur.
804 2866 1054 2943 Ostentabatur
1071 2866 1108 2941 in
1126 2865 1225 2965 spem
1242 2869 1369 2963 Pomp·
1518 2856 1519 2859 ¹

386 2988 482 3063 tinus
504 3014 600 3087 ager,
627 3009 706 3061 tum
722 2985 894 3087 primum,
920 2986 998 3086 post
1024 2986 1149 3063 accisas
1172 3014 1194 3062 a
1215 2984 1368 3062 Camillo

386 3109 595 3184 Volscorum
613 3134 680 3193 res,
705 3106 916 3207 possessionis
934 3109 1033 3182 haud
1048 3106 1253 3206 ambiguae.
1295 3104 1368 3181 Cri-

386 3229 625 3315 minabantur,
652 3240 678 3271 ‘⁶
703 3229 818 3301 multo
841 3253 926 3301 eum
944 3226 1159 3301 infestiorem
1182 3254 1309 3327 agrum
1326 3230 1367 3301 ab

385 3348 613 3424 “nobilitate
636 3349 716 3436 else,
743 3372 853 3445 quam
876 3374 898 3421 a
922 3346 1059 3423 Volscis
1075 3346 1198 3434 fuerit3
1229 3351 1277 3424 ab
1303 3346 1367 3421 illis

386 3479 411 3511 “
430 3466 528 3541 enim
545 3488 699 3555 tantum,
725 3467 847 3564 quoad
862 3466 953 3542 vires
977 3472 1012 3543 a
1034 3494 1130 3542 arma
1155 3471 1366 3553 habuerunt,

384 3599 410 3633 “
429 3586 641 3663 incursiones
658 3612 701 3660 eo
718 3585 835 3662 festas.
887 3588 1036 3663 Nobiles
1052 3588 1214 3664 homines
1233 3589 1273 3665 in
1292 3584 1366 3689 pos-

385 3720 410 3755 “
429 3708 609 3784 sessionem
627 3706 702 3806 agri
719 3707 856 3806 publici
874 3708 1026 3808 grassari:
1063 3736 1142 3799 nec,
1167 3711 1243 3800 nist,
1273 3730 1365 3787 ante·

383 3842 410 3876 “
429 3856 539 3929 quam
572 3828 697 3903 omnia
727 3828 958 3927 praecipiant,
989 3828 1124 3905 divisus
1153 3835 1205 3920 fit,
1247 3835 1365 3907 locum

383 3950 479 4026 “ibi
512 3949 608 4050 plebi
631 3949 741 4058 sore.''
792 3950 908 4022 Haud
935 3976 1066 4049 magno
1092 3976 1196 4050 opere
1225 3955 1363 4051 plebem

382 4092 577 4157 moverant,
602 4067 916 4167 &infrequentem
934 4069 971 4143 in
995 4069 1072 4147 foro
1089 4094 1231 4171 propter
1246 4070 1362 4147 aedifi·
