3067 5342
389 719 459 794 232
755 697 1068 772 T.Lrvrr

388 878 489 970 bant)
525 877 731 952 obcurrunt.
787 878 902 955 Simul
928 879 965 954 in
988 881 1188 976 Campanos
1211 875 1369 952 stimula-

390 1001 451 1072 bat
471 995 534 1084 ira,
568 1019 640 1071 tam
659 1021 815 1095 promtos
833 1025 928 1074 nunc
952 1001 998 1073 ad
1020 997 1177 1086 ferenda,
1208 1023 1306 1072 nunc
1324 997 1372 1070 ad

389 1119 587 1192 arceffenda
608 1117 771 1192 adversus
803 1119 836 1194 se
869 1119 1009 1193 auxilia
1070 1121 1125 1192 Ut
1151 1143 1236 1192 vero
1264 1116 1375 1192 castra

391 1237 558 1310 Romana
581 1235 761 1325 viderunt,
788 1237 948 1313 ferociter
976 1236 1100 1336 prose
1129 1233 1279 1337 quisque
1308 1239 1375 1332 fig-

393 1379 482 1428 num
515 1356 625 1431 duces
655 1355 807 1456 poscere,
836 1357 1031 1445 adfirmare,
1075 1359 1198 1431 eadem
1232 1353 1376 1430 fortuna

393 1477 603 1550 Romanum
619 1478 804 1573 Campano
818 1477 971 1551 laturum
984 1501 1105 1573 opem,
1133 1501 1205 1576 qua
1219 1477 1374 1572 Campa-

394 1619 463 1668 nus
488 1595 649 1669 Sidicino
670 1595 800 1668 tulerit.
850 1595 1023 1682 Valerius,
1050 1593 1189 1668 levibus
1212 1592 1375 1670 certami-

394 1713 513 1801 nibus,
547 1713 706 1790 tentandi
733 1715 840 1789 hostis
866 1717 992 1803 cauffa,
1036 1715 1132 1788 haud
1160 1713 1211 1788 ita
1242 1714 1377 1788 multos

393 1855 549 1907 moratus
573 1833 662 1920 dies,
696 1837 833 1932 signum
860 1858 1000 1933 pugnae
1026 1831 1220 1932 proposuit,
1251 1832 1377 1932 paucis

394 1951 474 2026 suos
496 1953 716 2026 adhortatusa
743 1963 768 1996 “
794 1955 852 2026 Ne
870 1976 1005 2026 novum
1022 1955 1156 2028 bellum
1172 1979 1232 2028 cos
1247 1953 1376 2028 novus-

397 2083 423 2116 “
443 2099 513 2170 que
531 2073 638 2150 hostis
655 2093 806 2150 terreret.
855 2071 1049 2173 Qridquid
1065 2075 1110 2147 ab
1128 2076 1216 2148 urbe
1232 2072 1376 2172 longius

297 2204 301 2214 '
396 2191 633 2290 “proferrent
664 2217 773 2278 arma,
804 2189 915 2290 magis
944 2189 1126 2290 magisque
1154 2191 1193 2266 in
1227 2192 1377 2267 inbelles

397 2321 423 2356 “
441 2330 563 2408 gentes
575 2335 635 2383 eos
645 2309 795 2406 prodire.
845 2312 904 2384 Ne
921 2309 1160 2385 Sidicinorum
1175 2312 1377 2410 Campano-

397 2438 423 2472 “
441 2453 595 2526 rumque
611 2427 772 2503 cladibus
793 2427 1005 2504 Samnitium
1030 2427 1248 2504 aestimarent
1265 2428 1377 2504 virtu·

398 2559 423 2592 “
443 2567 526 2624 tem.
576 2546 863 2648 Qralcscumque
887 2546 978 2621 inter
1001 2546 1034 2621 so
1064 2547 1283 2637 certaverint,
1314 2576 1376 2625 ne-

397 2677 422 2712 “
440 2669 528 2744 celse
559 2667 659 2742 fuiffe
689 2669 832 2740 alteram
858 2688 992 2764 partem
1018 2666 1126 2742 vinci.
1175 2670 1376 2768 Campanos

398 2786 592 2886 “quidem
621 2787 718 2860 haud
742 2785 853 2861 dubie
873 2771 985 2884 magis
1003 2785 1117 2862 nimio
1130 2788 1218 2862 luxu
1235 2789 1377 2862 fluentr-

399 2919 424 2952 “
443 2910 511 2982 bus
527 2909 632 2981 rebus
657 2905 879 3004 mollitiaque
908 2905 979 2994 sua,
1006 2931 1116 3006 quam
1143 2907 1179 2982 vi
1206 2905 1376 2996 hostium,

398 3039 424 3072 “
442 3027 554 3101 viclos
580 3027 657 3099 effe.
706 3023 809 3125 Quid
833 3045 951 3099 autem
969 3027 1034 3098 effe
1060 3026 1135 3099 duo
1157 3023 1318 3124 prospera
1339 3027 1377 3100 in

399 3158 426 3191 “
443 3168 497 3219 tot
513 3142 637 3220 seculis
654 3145 746 3219 bella
764 3143 979 3218 Samnitium
1001 3143 1162 3218 adversus
1181 3167 1234 3234 tot
1250 3149 1379 3222 decora

399 3263 568 3364 “populi
599 3261 769 3351 Romani,
810 3263 874 3362 qui
901 3263 1099 3362 triumphos
1131 3291 1221 3363 pene
1246 3267 1377 3363 plures,

401 3397 555 3484 “quam
585 3409 695 3458 annos
721 3387 765 3458 ab
798 3387 887 3458 urbe
911 3383 1068 3472 condita,
1096 3388 1279 3460 numeret?
1313 3383 1378 3484 qui

402 3501 566 3578 “omnia
594 3502 686 3577 circa
711 3501 757 3590 se,
792 3503 952 3591 Sabinos,
988 3503 1180 3593 Etruriam,
1214 3504 1376 3593 Latinos,

401 3633 428 3672 “
445 3621 637 3708 Hernicos,
665 3625 831 3720 Aequos,
867 3620 1024 3709 Volscos,
1060 3627 1264 3713 Auruncos,
1313 3626 1376 3699 do·

402 3741 534 3818 “mita
559 3739 664 3816 armis
688 3743 840 3816 habeat?
887 3739 952 3839 qui
984 3744 1118 3832 Gallos,
1153 3764 1205 3818 tot
1238 3745 1378 3842 proeliis

401 3875 428 3909 “
446 3861 573 3950 caesos,
600 3859 775 3959 postremo
790 3859 826 3934 in
841 3885 935 3934 mare
958 3887 998 3936 ac
1015 3887 1120 3938 naves
1133 3862 1219 3962 fuga
1231 3889 1377 3963 compu-

401 3994 428 4028 “
445 3981 544 4057 lerit?
593 3985 721 4080 Qtum
738 3978 850 4078 gloria
865 3979 949 4055 belli
969 4005 1009 4054 ac
1025 3981 1154 4056 virtute
1177 3983 1237 4057 sua
1253 4009 1376 4082 quem·

403 4114 428 4149 ‘⁴
446 4128 518 4202 que
534 4100 639 4175 fretos
651 4098 701 4173 ire
714 4096 752 4173 in
767 4097 883 4174 aciem
895 4099 1036 4188 debere,
1066 4121 1146 4177 tum
1162 4101 1270 4178 etiam
1284 4102 1378 4177 intu-
