3067 5342
369 713 414 784 66
699 714 1012 786 T.L1v11

370 881 548 980 Sulpicius
578 886 741 984 Longus,
785 891 842 987 Q
866 882 1032 960 Servilius
1062 903 1242 981 quartum,
1272 885 1344 956 Ser.

370 1003 556 1078 Cornelius
575 1006 842 1104 Maluginenfis.

425 1125 617 1197 XXXVII.
656 1130 785 1226 Qum
818 1145 913 1198 tanta
940 1125 1050 1197 moles
1082 1121 1166 1196 mali
1192 1121 1345 1210 instaret,

374 1245 477 1339 (adeo
490 1245 655 1318 obcaecat
677 1243 813 1318 animos
833 1241 986 1331 fortuna,
1012 1239 1077 1316 ubi
1092 1241 1167 1314 vim
1180 1239 1277 1316 suam
1291 1240 1346 1313 in·

370 1385 555 1462 gruentem
575 1361 718 1461 refringi
734 1389 807 1436 non
829 1363 922 1454 vult)
951 1360 1086 1449 civitas,
1114 1384 1205 1457 quae
1222 1361 1345 1434 adver-

370 1481 424 1556 sus
442 1481 650 1556 Fidenatem
673 1509 713 1556 ac
732 1483 916 1578 Vejentem
936 1481 1072 1555 hostem
1093 1479 1247 1578 aliosque
1264 1478 1345 1552 fini-

369 1601 475 1676 timos
487 1604 650 1700 populos,
678 1599 805 1676 ultima
820 1599 1003 1698 experiens
1023 1599 1167 1687 auxilia,
1196 1597 1345 1672 dictato·
1409 1681 1412 1686 ¹

369 1749 443 1796 rem
457 1719 578 1795 multis
595 1719 858 1818 tempestatibus
874 1719 1032 1805 dixiffet3
1067 1746 1108 1792 ea
1123 1740 1223 1806 tunc,
1254 1717 1345 1791 invi·

370 1845 465 1914 litato
488 1861 594 1938 atque
622 1839 784 1913 inaudito
811 1839 907 1913 hoste
930 1843 976 1914 ab
998 1841 1144 1912 Oceano
1160 1859 1344 1912 terrarum·

368 1985 439 2056 que
456 1959 590 2032 ultimis
605 1959 674 2032 otis
694 1961 829 2032 bellum
845 1957 973 2046 ciente,
999 1958 1088 2032 nihil
1108 1957 1344 2032 extraordina-

368 2079 410 2153 rii
435 2078 572 2175 imperii
598 2099 659 2151 aut
682 2077 806 2151 auxilii
833 2076 1010 2175 quaesivit.
1060 2074 1229 2164 Tribuni,
1253 2102 1343 2175 quo·

370 2223 450 2270 rum
465 2197 657 2270 temeritate
681 2198 816 2271 bellum
832 2199 1051 2270 contractum
1078 2218 1162 2283 erat,
1187 2196 1344 2271 summae

369 2328 486 2390 rerum
509 2335 703 2413 praeerant:
734 2317 985 2413 delectumque
1013 2315 1126 2389 nihilo
1148 2315 1345 2390 adcuratio-

369 2463 457 2523 rem‚
483 2461 590 2533 quam
604 2435 649 2508 ad
663 2434 782 2508 media
790 2436 881 2508 bella
892 2433 1012 2509 haberi
1027 2433 1146 2509 solitus
1163 2457 1247 2524 erat,
1267 2441 1344 2532 (ex-

370 2577 552 2628 tenuantes
582 2552 688 2628 etiam
723 2552 852 2627 famam
879 2554 979 2647 belli)
1015 2557 1202 2630 habebant
1251 2555 1345 2628 Inte·

369 2675 436 2748 rim
462 2673 569 2760 Galli,
613 2673 799 2772 postquam
828 2699 1006 2772 accepere,
1048 2678 1143 2749 ultro
1173 2677 1345 2749 honorem

370 2793 532 2868 habitum
566 2793 794 2868 violatoribus
813 2793 903 2889 juris
933 2793 1094 2882 humani,
1140 2793 1344 2891 elusamque

369 2911 581 3012 legationem
599 2911 696 2986 suam
715 2914 795 2999 effe,
822 2915 1005 3010 flagrantes
1021 2913 1085 3001 ira,
1112 2914 1213 3008 cujus
1241 2913 1344 3012 inpo-

369 3053 445 3104 tens
471 3033 520 3104 est
550 3059 648 3130 gens,
674 3030 859 3106 confestim
888 3031 991 3129 lignis
1020 3035 1203 3120 convulsis,
1237 3033 1346 3108 citato

368 3151 508 3250 agmine
526 3151 590 3223 iter
608 3149 866 3248 ingrediuntur.
917 3153 979 3225 Ad
1002 3179 1157 3250 quorum
1174 3173 1344 3250 praetere-

370 3269 514 3343 untium
532 3267 658 3366 raptim
680 3272 876 3342 tumultum
900 3296 1016 3367 quum
1041 3271 1222 3346 exterritae
1239 3275 1345 3348 urbes

369 3389 415 3460 ad
438 3413 532 3460 arma
558 3409 818 3476 concurrerent,
848 3388 1005 3488 fugaque
1028 3390 1216 3490 agrestium
1232 3393 1344 3480 fieret,

370 3509 527 3580 Romam
559 3505 591 3579 se
625 3505 686 3592 ire,
733 3533 864 3606 magno
897 3510 1049 3583 clamore
1085 3509 1346 3609 significabant3

369 3649 598 3724 quacumque
628 3624 739 3711 ibant,
774 3625 876 3723 equis
899 3626 1051 3724 vitisque
1083 3631 1189 3728 longe
1211 3658 1252 3706 ac
1276 3635 1346 3707 late

369 3743 446 3849 fuso
476 3743 617 3843 agmine
650 3743 851 3819 inmensum
889 3746 1088 3822 obtinentes
1117 3749 1199 3823 loci.
1258 3754 1343 3839 Sed,

368 3865 597 3938 antecedente
621 3862 713 3938 lama
739 3862 950 3963 nunciisque
972 3869 1208 3956 Clusinorum,
1243 3871 1345 3945 dein·

369 4009 451 4080 ceps
468 3981 551 4055 inde
574 3981 722 4058 aliorum
737 3985 967 4080 populorum,
994 3987 1191 4084 plurimum
1207 3990 1353 4066 terroris·

368 4103 525 4176 Romam
542 4101 697 4178 celeritas
716 4103 872 4179 hostium
890 4105 983 4183 tulit.
1031 4107 1177 4209 Qrippe
1196 4109 1343 4209 quibus,
