3067 5342
404 699 476 772 230
734 673 1049 750 T.Lrv11

407 867 478 921 tate
509 844 646 922 senatus
672 845 816 924 consul:
855 855 880 890 ‘⁴
910 845 1060 922 Auxilio
1091 869 1166 932 vos,
1199 845 1388 943 Campani,

409 977 435 1010 “
453 965 581 1066 dignos
596 966 713 1042 censet
729 965 883 1042 senatus:
916 965 974 1042 sed
994 965 1042 1042 ita
1057 963 1244 1040 vobiscum
1263 963 1388 1042 amici·

408 1097 434 1131 “
453 1086 540 1160 tiam
558 1084 693 1160 institui
709 1113 772 1184 par
797 1087 859 1174 est,
894 1113 939 1162 ne
962 1112 1034 1185 qua
1048 1083 1217 1160 vetustior
1232 1085 1393 1162 amicitia

408 1217 434 1252 ‘⁸
452 1233 493 1282 ac
522 1205 664 1282 societas
689 1206 853 1282 violetur.
902 1205 1075 1282 Samnites
1104 1203 1292 1282 nobiscum
1315 1205 1390 1282 foe·

408 1330 535 1403 “dere
555 1327 672 1424 jun&
699 1326 790 1404 sunt.
849 1329 974 1426 Itaque
1000 1352 1108 1416 arma,
1153 1329 1251 1404 Deos
1277 1327 1391 1426 prius,

325 1464 328 1470 “
408 1458 434 1491 “
452 1473 564 1546 quarn
593 1447 769 1538 homines,
814 1447 998 1538 violatura,
1030 1446 1193 1524 adversus
1218 1447 1393 1524 samnites

406 1579 433 1612 “
451 1567 553 1644 vobis
575 1593 758 1666 negamus.
807 1571 977 1668 Legatos,
1002 1571 1089 1644 ficut
1108 1565 1158 1644 fas
1176 1564 1306 1666 jusque
1325 1569 1390 1658 est,

407 1688 497 1760 “ad
528 1685 640 1762 socios
671 1709 779 1786 atque
811 1687 944 1765 amicos
977 1709 1160 1786 precatum
1192 1685 1392 1776 mittemus,

407 1818 434 1853 ‘⁶
452 1833 497 1882 ne
514 1833 587 1907 qua
597 1809 700 1884 vobis
716 1808 769 1883 vis
782 1810 876 1884 fiat.''
925 1811 987 1884 Ad
1004 1835 1045 1884 ea
1063 1806 1227 1908 princeps
1243 1807 1392 1910 legatio·

407 1927 475 2016 nis,
526 1933 587 2026 (fic
637 1928 735 2004 enirn
779 1931 889 2004 domo
930 1930 1140 2005 mandatum
1154 1930 1389 2026 'admlerant)

408 2061 434 2094 “
451 2049 798 2151 Qrandoquidem‚'’
824 2047 956 2148 inquit,
984 2059 1009 2092 “
1027 2049 1143 2123 nostra
1159 2049 1251 2124 tueri
1267 2051 1392 2124 adver·

408 2169 508 2244 “sus
537 2169 612 2244 vim
642 2190 748 2268 atque
783 2169 947 2265 injuriam
972 2169 1066 2266 justa
1094 2169 1131 2244 vi
1163 2194 1237 2244 non
1267 2169 1390 2258 vultis,

410 2300 434 2333 ‘⁶
452 2288 564 2362 vestra
580 2308 671 2361 certe
689 2287 897 2363 defendetis.
946 2290 1070 2388 Itaque
1087 2289 1263 2388 populum
1284 2291 1391 2364 Cam·

408 2417 434 2452 “
451 2432 599 2506 panum,
639 2410 840 2506 urbemque
875 2411 1050 2507 Capuam,
1093 2432 1208 2508 agros,
1241 2409 1393 2486 delubra

407 2537 432 2570 “
451 2529 587 2613 Deum,
612 2525 735 2600 divina
763 2529 989 2628 humanaque
1018 2527 1139 2603 omnia
1164 2527 1203 2602 in
1228 2528 1390 2618 vestram,

407 2657 432 2690 “
451 2650 569 2722 Patres
582 2644 786 2744 conscripti,
813 2647 1009 2746 populique
1036 2647 1194 2722 Romani
1215 2647 1390 2725 ditionem

409 2777 434 2811 “
452 2765 638 2853 dedimus3
669 2763 853 2865 quidquid
878 2765 1009 2842 deinde
1039 2765 1229 2864 patiemur,
1260 2769 1390 2846 dediti·

410 2897 436 2931 “
454 2885 502 2962 cii
515 2886 618 2963 vestri
640 2885 802 2988 puffuri.’'
851 2889 927 2963 Sub
942 2889 1028 2961 haec
1046 2885 1292 2976 dictamnos,
1314 2915 1389 2964 rna-

409 3034 475 3081 nus
500 3009 547 3082 ad
576 3006 735 3082 consules
758 3008 955 3095 tendentes,
979 3005 1076 3104 pleni
1104 3005 1330 3084 lacrimarum
1351 3007 1390 3084 in

405 3127 580 3202 vestibulo
601 3125 718 3202 curiae
740 3128 1020 3224 procubuerunt.
1070 3127 1254 3202 Commoti
1271 3131 1390 3204 Patres
1420 3201 1422 3204 .

282 3255 284 3263 '
407 3247 485 3323 vice
514 3247 737 3339 [ortunamm
763 3248 1014 3334 humanarum,
1039 3249 1063 3320 fi
1090 3246 1148 3321 ille
1181 3271 1390 3348 praepotens

407 3363 536 3464 opibus
569 3369 737 3464 populus,
776 3365 918 3444 luxuria
946 3364 1179 3466 superbiaque
1212 3371 1338 3458 clarus,
1370 3397 1392 3444 a

408 3508 483 3581 quo
498 3488 618 3582 paullo
632 3507 712 3560 ante
737 3483 914 3560 auxilium
929 3485 1075 3560 finitimi
1092 3487 1268 3586 petiffent,
1301 3491 1390 3566 adeo

408 3602 572 3678 infrauos
593 3626 728 3704 gereret
743 3603 894 3694 animos,
923 3626 965 3680 ut
978 3604 1011 3680 se
1028 3604 1100 3702 ipse
1117 3605 1248 3707 suaque
1270 3608 1392 3684 omnia

406 3722 583 3822 potestatis
600 3723 733 3798 alienae
750 3724 897 3799 faceretz
930 3745 1009 3799 tum
1025 3727 1102 3823 jam
1127 3728 1216 3804 fides
1232 3727 1289 3828 agi
1306 3729 1390 3818 visa,

406 3841 547 3918 deditos
568 3869 642 3918 non
665 3843 783 3942 prodi,
815 3871 881 3920 nec
896 3844 1074 3922 fabiumm
1097 3875 1212 3949 aequa
1225 3850 1390 3928 Samniti-

405 3989 470 4037 um
492 3965 668 4062 populum
684 3962 884 4056 censebant,
915 3971 1078 4066 sragrurn
1097 3971 1310 4069 urbemque,
1330 3997 1392 4070 per

405 4083 628 4160 deditionem
642 4083 770 4160 facum
784 4085 911 4188 populi
927 4089 1100 4179 Romani,
1129 4093 1388 4192 obpugnarent.
