3067 5342
482 685 830 759 LrsunVI.
1129 709 1196 784 139

208 860 372 959 (lamque
388 858 573 933 stationem
585 885 650 958 pro
661 858 779 934 castris
792 854 954 955 obponit
1004 857 1081 954 Ipse
1098 857 1195 933 edito

204 982 295 1055 loco
325 977 494 1076 speclator
526 979 684 1055 intentus
710 978 749 1053 in
779 1000 909 1054 eventu
930 977 1034 1053 alieni
1062 979 1195 1055 conlilii

205 1098 381 1175 constitit.
1028 1184 1029 1187 Ἴ

259 1222 402 1297 XXIV.
445 1220 561 1297 Simul
599 1221 718 1322 primo
752 1218 926 1296 concursu
963 1246 1198 1319 concrepuere

206 1369 322 1431 arma,
363 1343 472 1418 hostis
502 1346 601 1433 dolo,
642 1370 716 1419 non
748 1363 864 1430 metu,
903 1343 1034 1440 pedem
1066 1341 1197 1415 retulit.

208 1463 326 1539 Lenis
341 1467 389 1539 ab
412 1460 516 1563 'tergo
538 1464 652 1539 clivus
674 1484 747 1538 erat
773 1462 864 1537 inter
884 1461 997 1536 aciem
1015 1466 1049 1536 &
1067 1461 1195 1535 castra:

210 1589 261 1673 tc,
289 1586 392 1683 quod
408 1583 605 1659 multitudo
623 1582 883 1684 subpeditabat,
911 1581 1049 1681 aliquot
1064 1581 1197 1655 validas

211 1707 376 1780 cohortes
398 1705 437 1779 in
460 1704 577 1780 castris
599 1728 747 1780 armatas
771 1702 1022 1801 instructasque
1047 1702 1197 1802 relique·

213 1846 304 1913 rant,
339 1850 431 1923 quae
454 1824 546 1901 inter
567 1825 795 1901 commiffurn
814 1826 891 1921 jam
915 1846 1106 1911 certamen,
1132 1822 1197 1898 ubi

213 1948 306 2019 vallo
321 1944 633 2045 adpropinquasset
645 1945 767 2035 hostis,
784 1966 1019 2045 erumperent.
1061 1947 1197 2019 Roma-

214 2091 295 2155 nus,
319 2069 508 2141 cedentem
524 2066 662 2141 hostem
684 2066 790 2141 effuse
816 2066 998 2165 sequendo
1021 2064 1059 2139 in
1074 2066 1197 2140 locum

215 2186 385 2287 iniquum
413 2190 619 2285 pertractus,
650 2209 873 2286 opportunus
905 2184 992 2260 huic
1018 2184 1198 2285 eruptioni

215 2306 295 2383 fuit.
347 2307 476 2383 Versus
501 2308 623 2408 itaque
644 2308 681 2382 in
703 2307 875 2382 vistorem
902 2328 1024 2394 terror,
1045 2310 1079 2381 δι
1103 2332 1197 2381 novo

214 2428 328 2517 hoste,
360 2427 531 2528 &supina
543 2432 633 2503 valle
650 2431 854 2503 Romanam
872 2425 1056 2503 inclinavit
1072 2426 1197 2501 aciem.

213 2550 348 2625 Instant
362 2550 480 2625 Volsci
497 2572 665 2639 recentes,
680 2548 744 2649 qui
762 2576 782 2623 e
799 2547 916 2624 castris
932 2547 1095 2645 inpetum
1106 2546 1196 2623 fece-

213 2693 314 2761 raut3
339 2670 516 2771 integrant
530 2674 565 2745 ὃ(
581 2669 632 2744 illi
650 2696 823 2770 pugnam,
842 2668 905 2768 qui
924 2668 1081 2742 srmulata
1097 2670 1200 2743 ceffe-

215 2814 293 2867 rant
305 2790 403 2893 fuga.
428 2795 511 2887 Jam
528 2817 601 2866 non
614 2790 807 2890 recipiebat
822 2788 855 2863 se
870 2792 1058 2863 Romanus
1075 2788 1196 2876 miles3

215 2910 289 3002 sed,
307 2913 485 2988 inmemor
501 2912 650 2988 retentis
666 2911 818 2986 ferociae
834 2908 1030 3010 veterisque
1048 2910 1199 2998 decoris,

215 3052 313 3133 terga
324 3036 444 3131 paffim
455 3034 574 3121 dabat,
589 3055 695 3132 atque
709 3031 818 3106 effuso
829 3030 930 3108 cursu
947 3030 1055 3105 castra
1068 3052 1199 3129 repete-

216 3156 298 3228 bat:
320 3181 437 3253 quum
454 3154 639 3242 Camillus,
662 3152 839 3249 subjectus
856 3179 876 3225 a
891 3150 1199 3227 circumstantibus

218 3272 255 3348 in
277 3300 428 3374 equum,
453 3280 488 3350 δι
510 3273 638 3374 raptim
662 3272 821 3348 subsidiis
841 3272 1019 3373 obposrtis‚
1049 3274 1200 3347 “Haec

220 3404 244 3438 “
262 3396 348 3485 est‚''
370 3396 502 3495 inquit,
530 3406 556 3439 “
574 3393 718 3482 milites,
744 3420 878 3493 pugna,
906 3420 1015 3493 quam
1041 3390 1201 3493 poposci-

222 3525 245 3558 “
260 3516 345 3591 stis?
376 3516 602 3617 Qrishom0‚
622 3515 702 3615 quis
720 3518 820 3591 Deus
835 3514 897 3603 est,
915 3542 1025 3614 quern
1039 3514 1198 3590 accusare

23 3559 33 3716 l
222 3647 247 3680 “
264 3635 421 3734 poffitis?
446 3637 557 3711 vestra
565 3637 627 3711 illa
636 3635 824 3725 temeritas,
841 3636 951 3710 vestra
964 3635 1104 3735 ignavia
1115 3638 1201 3712 haec

224 3767 246 3801 “
264 3758 323 3833 est„
373 3756 493 3833 Secuti
509 3756 620 3832 alium
635 3759 782 3846 ducem,
812 3755 1002 3856 sequimini
1020 3782 1116 3831 nunc
1134 3759 1201 3831 Ca·

28 3761 36 3966 l
224 3885 247 3920 “
264 3878 429 3966 millum3
461 3883 509 3966 δι,
540 3879 641 3977 quod
666 3880 778 3953 duclu
801 3904 884 3952 meo
906 3875 1034 3965 soletis,
1057 3876 1201 3952 vincite.

223 4008 247 4043 “
263 3999 368 4101 Qid
385 4001 519 4075 vallum
541 4003 576 4074 δι
595 3998 704 4074 castra
725 3997 910 4099 speciatis?
944 3996 1125 4073 neminem
1143 4025 1202 4072 ve-

32 4001 43 4256 l
223 4130 247 4164 “
264 4122 374 4197 strum
388 4120 460 4211 illa,
475 4119 537 4196 nifi
547 4119 731 4208 vitiorem,
748 4118 1054 4219 recepturasunt.’'
1081 4121 1203 4195 Pudor
