3067 5342
487 697 524 770 L
550 721 564 770 1
594 720 614 768 a
643 719 665 768 r.
693 718 716 768 n
768 693 866 766 VIII.
1086 696 1151 767 261

172 867 343 956 consules,
367 869 413 942 T.
432 865 592 942 Manlius
614 871 819 966 Torquatus
835 865 992 955 tertium,
1018 869 1058 942 P.
1077 869 1150 942 De·

172 987 249 1062 cius
272 989 372 1062 Mus.
424 990 478 1061 Eo
494 1014 586 1062 anno
605 988 865 1074 Alexandrum,
898 985 1000 1085 Epiri
1016 1012 1150 1086 regem,

171 1107 210 1181 in
234 1105 371 1181 Italiam
392 1109 529 1180 classem
554 1106 723 1204 adpulille
751 1107 895 1182 constat.
944 1109 1058 1206 Qiod
1078 1109 1151 1182 bel·

171 1231 263 1314 lum,
287 1229 310 1299 fi
330 1225 444 1323 prima
464 1225 541 1300 satis
567 1225 728 1324 prospera
749 1226 903 1313 fuissent,
927 1227 1023 1298 haud
1040 1225 1151 1301 dubie

170 1349 216 1421 ad
247 1349 430 1420 Romanos
465 1345 680 1443 pervenisset.
738 1346 875 1419 Eadem
905 1366 994 1419 aetas
1027 1371 1147 1420 rerum

160 1465 303 1566 'Magni
321 1464 515 1539 Alexandri
533 1465 602 1539 est:
629 1493 751 1564 quem,
767 1465 879 1540 sorore
896 1466 1000 1562 hujus
1017 1487 1148 1553 ortum,

170 1586 209 1660 in
225 1585 294 1661 alio
307 1588 416 1660 tractu
435 1583 541 1672 orbis,
565 1583 739 1660 inviclum
755 1585 857 1661 bellis
867 1586 1052 1682 juvenem,
1077 1584 1147 1659 sor·

171 1688 258 1780 tuna
271 1709 398 1780 morbo
413 1703 588 1780 exstinxit.
639 1707 806 1780 Ceterum
821 1705 992 1792 Romani,
1013 1705 1071 1778 etsi
1089 1706 1150 1778 de·

170 1825 278 1900 sento
310 1825 486 1900 sociorum
519 1823 743 1924 nominisque
770 1823 892 1898 Latini
918 1825 1017 1898 haud
1041 1823 1152 1900 dubia

172 1964 263 2032 erat;
290 1967 421 2032 tamen,
454 1966 635 2046 tamquam
668 1945 712 2018 de
739 1943 968 2032 Samnitibus,
1002 1971 1076 2019 non
1105 1945 1152 2019 de

170 2065 219 2154 se,
246 2091 366 2140 curam
393 2085 548 2164 agerent,
581 2065 705 2138 decern
735 2063 910 2162 principes
936 2063 1150 2140 Latinorum

170 2189 330 2260 Romam
358 2205 604 2272 evocaverunt,
642 2182 774 2280 quibus
806 2181 1028 2281 imperarent,
1058 2209 1149 2284 quae

172 2306 311 2379 vellent.
361 2308 539 2378 Praetores
572 2322 650 2376 tum
684 2304 776 2376 duos
804 2301 952 2378 latium
984 2305 1149 2392 habebat,

171 2427 219 2498 L.
244 2423 408 2498 Annium
431 2423 592 2497 Setinum
615 2426 649 2496 &
676 2424 722 2497 L.
746 2422 952 2497 Numisium
973 2424 1150 2521 Circejen÷

171 2543 256 2631 sem,
280 2547 386 2619 ambo
403 2569 447 2616 ex
465 2541 612 2616 coloniis
625 2539 820 2615 Romanis:
848 2567 909 2638 per
926 2567 1029 2640 quos,
1051 2569 1149 2640 prae·

170 2687 222 2738 ter
244 2663 403 2762 Signiam
427 2660 657 2760 Velitrasque,
682 2665 716 2735 &
739 2660 827 2761 ipsas
844 2663 998 2736 colonias
1015 2665 1150 2735 Rorna-

171 2810 245 2870 nas‚
273 2780 392 2857 Volsci
409 2781 515 2856 etiam
533 2780 641 2855 exciti
660 2781 707 2854 ad
725 2807 821 2854 arma
838 2801 945 2854 erant.
997 2783 1069 2855 Eos
1088 2807 1151 2854 no·

170 2903 333 2977 minatirn
355 2901 492 2976 evocari
515 2903 659 2998 placuit.
709 2901 826 2974 Haud
846 2898 1019 2996 cuiquam
1041 2900 1148 2976 dubi-

170 3049 235 3096 um
256 3043 340 3110 erat,
368 3020 469 3119 super
490 3046 562 3119 qua
583 3046 618 3094 re
637 3018 849 3094 adcirentua
898 3021 1036 3118 Itaque,
1064 3045 1149 3094 con·

171 3142 256 3218 cilio
271 3141 367 3240 prius
383 3139 518 3227 habito,
544 3161 731 3238 praetores,
757 3163 867 3236 quam
887 3142 1046 3212 Romam
1068 3163 1148 3237 pro·

170 3261 420 3348 ficiscerentur,
456 3280 619 3334 evocatos
646 3257 679 3332 se
708 3257 753 3332 ab
775 3256 893 3332 senatu
920 3260 1052 3332 docent
1073 3260 1150 3331 Ro·

170 3408 290 3470 mano,
319 3387 366 3469 δι,
395 3405 486 3479 quae
513 3382 633 3454 astum
656 3377 698 3453 iri
721 3376 840 3452 secum
863 3380 1019 3466 credant,
1044 3378 1151 3477 quid·

171 3529 253 3576 nam
270 3503 316 3576 ad
333 3529 373 3575 ea
389 3498 588 3600 responderi
606 3499 755 3596 placeat,
779 3496 944 3572 referunt.

219 3625 282 3696 IV.
308 3627 442 3722 Qrum¹
457 3618 555 3694 aliud
578 3617 637 3692 alii
660 3617 850 3707 censerent,
879 3639 959 3692 turn
989 3617 1149 3694 Annius:

173 3753 198 3786 “
217 3747 449 3842 Qramquam
480 3737 551 3838 ipse
584 3763 652 3837 ego
682 3737 799 3826 retuli,
837 3737 927 3835 quid
953 3736 1152 3835 responderi

171 3871 196 3906 “
215 3865 380 3959 placeret,
422 3881 539 3934 tamen
583 3855 696 3956 magis
738 3858 786 3930 ad
820 3855 996 3931 summam
1035 3881 1152 3931 rerum

170 3992 195 4026 “
214 3981 409 4055 nostrarum
444 3977 616 4079 pertinere
651 3966 811 4063 arbitror,
851 3976 942 4073 quid
970 3978 1152 4075 agendum

169 4112 196 4158 4‘
215 4101 331 4190 nobis,
357 4127 467 4201 quam
484 4098 575 4200 quid
591 4095 818 4196 loquendum
840 4098 891 4169 fir
941 4095 1060 4170 Facile
1076 4096 1154 4185 erit,
