3067 5342
356 636 424 707 142
674 613 994 689 T.Lrv11

348 814 422 879 non
451 806 622 885 poterant.
681 786 899 863 Intrantibus
928 790 1016 863 fines
1044 784 1246 876 Romanis,
1271 811 1346 861 non

347 908 585 1009 demigratum
600 934 647 981 ex
663 907 875 1009 propinquis
890 906 1022 984 itineris
1039 908 1144 998 locis,
1170 934 1251 982 non
1268 908 1345 982 cul·

345 1048 403 1103 tus
418 1053 583 1127 agrorum
600 1026 833 1104 intenuissus:
867 1029 1070 1128 patentibus
1092 1028 1213 1128 portis
1230 1026 1345 1115 urbis,

345 1148 457 1250 togati
489 1147 634 1223 obviam
665 1146 866 1248 frequentes
896 1150 1173 1249 imperatoribus
1204 1144 1346 1246 proces-

347 1269 439 1346 sere:
457 1290 677 1345 commeatus
693 1268 865 1345 exercitui
879 1268 1028 1347 comiter
1044 1270 1083 1345 in
1095 1270 1215 1345 castra
1228 1294 1276 1343 ex
1286 1292 1345 1341 ur-

347 1394 392 1467 be
419 1394 521 1467 &ex
541 1389 634 1489 agris
652 1389 851 1466 devehitur.
901 1390 1086 1480 Camillus,
1111 1388 1240 1466 castris
1264 1408 1346 1462 ante

346 1534 462 1610 portas
478 1511 609 1611 positis,
627 1512 799 1587 eademne
817 1510 930 1586 forma
945 1510 1057 1610 pacis,
1074 1537 1172 1610 quae
1192 1510 1234 1585 in
1250 1508 1345 1609 agris

346 1633 590 1721 ostentaretur,
616 1631 724 1707 etiam
741 1631 833 1707 intra
846 1631 989 1707 moenia
1003 1634 1097 1721 effer,
1125 1630 1222 1705 scire
1240 1628 1344 1729 cupi-

346 1780 409 1829 ens
416 1786 429 1843 ;
457 1752 627 1853 ingrersus
642 1756 785 1841 urbem,
808 1750 873 1827 ubi
890 1772 1046 1851 patentes
1061 1753 1209 1849 januas,
1238 1754 1275 1824 &
1293 1771 1343 1824 ta-

346 1871 464 1950 bernis
470 1873 597 1974 apertis
607 1876 782 1973 propofita
790 1871 912 1947 omnia
921 1872 959 1946 in
968 1870 1208 1960 mediovidit,
1224 1870 1342 1945 inten-

346 1992 471 2094 tosque
485 1994 632 2094 opifices
648 1992 712 2068 suo
727 2018 911 2093 quemque
926 1992 1038 2091 operi,
1067 1996 1101 2067 bt
1125 1994 1240 2067 ludos
1263 1990 1341 2065 lite-

346 2142 465 2193 rarum
491 2116 639 2213 strepere
672 2112 887 2189 discentium
913 2112 1077 2202 vocibus,
1111 2140 1155 2188 ac
1188 2114 1342 2211 repletas

346 2235 498 2323 semitas,
524 2233 615 2309 inter
632 2235 765 2334 vulgus
789 2233 902 2322 aliud,
930 2258 1122 2333 puerorum
1142 2237 1183 2308 ὅτ
1207 2231 1339 2307 mulie·

345 2382 427 2432 rum
442 2358 518 2429 huc
532 2375 640 2453 atque
655 2352 744 2430 illuc
756 2354 937 2442 euntium,
959 2380 1033 2453 qua
1048 2379 1240 2454 quemque
1259 2351 1338 2427 suo·

345 2501 427 2553 rum
451 2473 584 2549 usuum
612 2477 748 2551 caussae
774 2472 924 2549 ferrent:
951 2474 1041 2549 nihil
1063 2474 1235 2575 usquam,
1264 2498 1338 2551 uon

346 2595 484 2697 pavidis
500 2596 625 2685 modo,
644 2593 704 2671 sed
729 2622 775 2671 ne
795 2595 1005 2671 mirantibus
1022 2596 1175 2696 quidem
1199 2594 1334 2679 smila,

346 2714 655 2815 circumspiciebat
670 2716 806 2805 omnia,
833 2716 1014 2816 inquirens
1031 2716 1158 2806 oculis,
1181 2716 1335 2792 ubinam

346 2840 483 2913 bellum
510 2835 638 2913 suisset.
687 2839 795 2913 Adeo
817 2864 885 2913 nec
912 2858 1049 2911 amotae
1082 2836 1131 2912 rei
1162 2836 1333 2935 usquam,

345 2986 412 3034 nec
431 2959 568 3035 oblatae
584 2959 632 3033 ad
647 2980 790 3057 tempus
804 2956 995 3059 vestigium
1009 2959 1126 3032 ullum
1143 2980 1242 3033 erat:
1273 2953 1332 3029 sed

345 3079 394 3155 ita
409 3078 532 3155 omnia
544 3078 717 3155 constanti
731 3078 920 3179 tranquilla
933 3104 1033 3179 pace,
1046 3100 1088 3153 ut
1098 3105 1142 3153 eo
1157 3078 1226 3153 vix
1240 3074 1335 3153 sama

344 3200 432 3276 belli
447 3202 579 3300 perlata
592 3198 706 3275 videri
723 3202 846 3298 posset.

394 3321 535 3395 XXVI.
569 3318 696 3393 viteus
722 3318 833 3419 igitur
855 3317 1023 3417 patientia
1039 3318 1214 3409 hostium,
1238 3318 1331 3395 sena-

345 3460 426 3514 tum
448 3464 575 3513 eorum
599 3438 720 3514 vocari
729 3441 837 3536 juffit.
889 3450 914 3484 “
932 3438 1006 3519 Soli
1021 3442 1177 3529 adhuc,”
1193 3438 1329 3541 inquit,

347 3568 373 3603 “
391 3557 602 3646 Tusculani,
624 3586 707 3635 vera
718 3585 817 3635 arma
830 3558 997 3659 verasque
1011 3560 1113 3649 vires,
1130 3562 1268 3657 quibus
1284 3562 1328 3633 ab

346 3678 440 3755 “ira
469 3682 720 3754 Romanorum
747 3680 861 3755 vestra
882 3680 1100 3769 tutaremini,
1135 3679 1327 3757 invenistis.

346 3812 372 3846 “
390 3803 444 3877 Ite
460 3803 620 3875 Romam
635 3802 683 3875 ad
701 3798 873 3875 senatum.
923 3800 1177 3877 Aestimabunt
1194 3806 1325 3887 Patres,

346 3933 372 3967 “
390 3944 513 3997 utrum
530 3922 609 4020 plus
626 3942 706 3997 ante
721 3946 870 4021 poenae,
895 3948 941 3997 an
958 3946 1055 3997 nunc
1072 3922 1195 3999 veniae
1211 3916 1325 4000 meriti

345 4053 371 4088 “
389 4041 469 4117 fitis.
518 4044 606 4117 Non
623 4042 839 4143 praecipiam
862 4042 1009 4145 gratiam
1033 4042 1170 4145 publici
1194 4042 1325 4123 benefi-
