3067 5342
392 763 397 772 Ι
519 627 769 736 ¹errau
821 661 887 736 IX.
1114 685 1184 760 399

205 828 303 915 bant,
331 826 464 926 quibus
480 826 620 904 eminus
636 856 711 906 rem
728 828 903 930 gererent)
932 826 1109 902 stantes&
1126 851 1188 900 ex-

204 951 332 1046 pofitos
345 949 392 1023 ad
405 947 497 1024 ierus
510 973 625 1046 quum
635 950 712 1047 jam
724 947 803 1023 satis
820 947 910 1023 nihil
924 967 1069 1046 tegeret,
1082 943 1188 1044 quos-

204 1066 421 1144 demetiam
445 1070 577 1168 pedem
603 1067 803 1156 referentes,
829 1070 1134 1166 fluctuantemque
1154 1071 1190 1140 ὅτ

204 1187 404 1263 instabilem
430 1188 557 1277 aciem,
598 1188 835 1288 redintegrato
859 1189 1024 1275 clamore,
1064 1184 1190 1264 strictis

205 1308 333 1407 gladiis
348 1309 471 1384 hastati
489 1315 523 1385 δι
540 1308 717 1410 principes
734 1307 920 1384 invadunt.
972 1309 1071 1382 Eum
1088 1304 1189 1404 inpe-

207 1449 285 1504 tum
303 1456 376 1505 non
392 1431 550 1506 tulemnt
574 1427 728 1518 Etrusci,
760 1426 930 1526 versisque
953 1426 1071 1528 signis,
1104 1425 1191 1530 fuga

205 1550 430 1626 effirsacastra
442 1571 616 1650 repetunt.
665 1551 735 1626 Sed
751 1546 889 1648 equites
903 1547 1075 1636 Romani,
1092 1572 1188 1647 prae·

203 1671 295 1746 vesti
312 1697 375 1768 per
387 1671 535 1770 obliqua
551 1670 684 1770 campi,
711 1695 828 1769 quum
840 1667 874 1744 se
891 1667 1112 1769 fugientibus
1124 1669 1188 1743 ob-

203 1790 373 1880 tulissent,
399 1790 526 1866 omiffo
541 1793 587 1866 ad
605 1790 713 1866 casira
734 1789 872 1879 itinere,
895 1811 1034 1864 montes
1051 1808 1189 1888 petunt.

204 1912 293 1985 lnde
314 1910 441 1985 inermi
457 1937 548 2008 pene
568 1909 711 2010 agmine
728 1936 770 1984 ac
785 1932 912 1986 vexato
927 1908 1134 1985 vulneribus
1150 1907 1189 1984 in

202 2034 323 2106 filvam
337 2029 533 2106 Ciminiam
547 2050 781 2131 penetratum.
831 2032 1032 2118 Romanus,
1066 2028 1189 2104 multis

202 2149 363 2224 millibus
401 2149 631 2226 Etruscorum
669 2155 784 2239 caesis,
835 2149 1191 2248 duodequadraginta

202 2268 307 2370 signis
339 2268 553 2345 militaribus
584 2270 709 2370 captis,
741 2269 860 2346 castris
892 2269 999 2344 etiam
1032 2267 1189 2346 hostium

203 2415 290 2466 curn
319 2392 450 2490 praeda
477 2390 614 2490 ingenti
647 2390 793 2490 potitur.
849 2393 950 2465 Tum
992 2391 1039 2464 de
1076 2387 1187 2487 perse·

201 2512 349 2610 quendo
364 2511 463 2586 hoste
479 2511 602 2612 agitari
617 2533 797 2610 coeptum.

252 2633 430 2707 XXXVI.
461 2632 556 2707 Silva
570 2653 643 2706 erat
658 2631 814 2708 Ciminia
843 2631 957 2732 magis
988 2653 1067 2707 tum
1094 2631 1190 2707 invia
1304 2667 1306 2672 ’

192 2774 309 2850 atque
340 2753 528 2840 horrenda,
565 2779 675 2854 quam
704 2778 820 2850 nuper
851 2751 948 2828 fitere
982 2750 1188 2828 Germanici

203 2869 320 2962 saltus,
350 2871 440 2947 nulli
473 2875 521 2947 ad
549 2899 628 2948 eam
654 2869 752 2947 diem
779 2899 824 2946 ne
849 2895 1085 2948 mercatorum
1108 2872 1188 2971 qui-

202 2993 287 3069 dem
316 2992 423 3068 adita
475 2995 567 3068 Eam
599 2992 725 3069 intrare
759 2993 858 3068 haud
884 2992 956 3068 sere
986 2992 1188 3093 quisquam,

61 3137 66 3148 ·
202 3134 338 3210 praeter
362 3114 496 3188 ducem
522 3111 653 3212 ipsum,
687 3115 852 3189 audebat.
904 3111 997 3188 Aliis
1019 3112 1189 3189 omnibus

202 3233 313 3311 cladis
343 3233 527 3310 Caudinae
556 3235 722 3309 nondum
764 3232 939 3308 memoria
978 3235 1188 3308 aboleverat.

201 3344 304 3429 Tum
326 3379 373 3430 ex
398 3352 455 3443 iis,
484 3352 549 3452 qui
574 3355 733 3440 aderant,
760 3352 928 3450 (consulis
955 3352 1097 3427 fratrem
1129 3355 1187 3430 M.

203 3472 371 3562 Fabium,
398 3471 596 3550 Kaesonem
625 3472 699 3562 alii,
732 3475 775 3548 C.
808 3472 1003 3548 Claudium
1037 3472 1188 3572 quidam

202 3615 311 3668 matre
339 3596 477 3682 eadem,
501 3619 574 3692 qua
596 3593 793 3684 consulem,
827 3591 991 3693 genitum
1024 3593 1184 3685 tradunt)

199 3713 419 3812 speculatum
444 3712 479 3788 se
506 3713 641 3788 iturum
666 3713 849 3811 professus,
870 3711 1042 3812 brevique
1068 3711 1191 3788 omnia

201 3838 295 3909 certa
311 3835 526 3910 adlaturum
577 3835 687 3908 Caere
711 3834 883 3910 educatus
907 3835 1004 3932 apud
1020 3830 1189 3930 hospites,

202 3952 361 4030 Etruscis
375 3953 460 4028 inde
474 3953 583 4035 literis
599 3952 761 4029 eruditus
775 3976 861 4043 erat,
891 3951 1125 4053 linguamque
1141 3957 1190 4029 E-

201 4072 353 4153 truscam
378 4077 488 4173 probe
514 4094 670 4152 noveras
720 4076 854 4150 Habeo
877 4077 1048 4164 auctores,
1078 4075 1190 4173 vulgo
