3067 5342
411 715 482 770 eto
725 693 1056 774 ·T.Ltrrr

411 915 417 926 ·
448 879 589 958 xxvl.
622 881 699 958 Ubi
729 907 846 984 quum
873 885 1080 962 stationibus
1108 881 1222 985 quieti
1249 889 1383 986 tempus

406 1021 568 1094 tererent,
610 1003 734 1079 Gallus
775 1009 948 1104 processit,
990 1005 1236 1108 magnitudine
1282 1027 1384 1104 atque

402 1121 508 1198 armis
537 1121 701 1224 insignis:
726 1125 959 1226 quatiensque
976 1125 1115 1202 scutum
1133 1125 1241 1216 hasta,
1270 1149 1381 1223 quum

403 1240 580 1317 fisentium
597 1241 740 1334 fecisset,
765 1267 934 1344 provocat
955 1273 1017 1346 per
1034 1230 1256 1346 interpretem
1274 1271 1386 1320 unum

404 1389 449 1438 ex
466 1363 654 1452 Romanis,
676 1363 740 1464 qui
764 1363 883 1440 secum
909 1365 1000 1441 ferro
1016 1367 1189 1442 decernat.
1240 1367 1300 1440 M.
1317 1385 1385 1441 erat

403 1482 565 1558 Valerius
581 1483 746 1560 tribunus
774 1483 944 1575 militum,
969 1485 1182 1574 adolescens,
1210 1487 1274 1586 qui
1292 1489 1386 1564 haud

402 1601 642 1703 indigniorem
667 1631 711 1680 eo
737 1607 866 1681 decore
895 1605 941 1696 se,
973 1633 1080 1706 quem
1111 1609 1159 1682 T.
1186 1607 1382 1696 Manlium,

401 1747 508 1812 ratus,
542 1724 640 1824 prius
671 1723 863 1803 sciscitatus
895 1725 1046 1802 consulis
1078 1727 1313 1816 voluntatem,
1350 1727 1384 1802 in

402 1845 566 1922 medium
583 1867 734 1921 armatus
749 1849 919 1946 processit.
970 1845 1096 1920 Minus
1123 1845 1255 1944 infigne
1276 1869 1384 1923 certa·

399 1993 485 2042 men
512 1971 711 2042 humanum
736 1965 883 2041 numine
908 1965 1106 2064 interposrto
1122 1969 1283 2041 Deorum
1313 1965 1383 2043 sec·

399 2109 490 2164 tum.
541 2091 709 2185 Namque
734 2085 927 2161 conserenti
945 2087 1019 2182 jam
1045 2111 1192 2160 manum
1218 2085 1382 2163 Romano

399 2232 526 2283 corvus
553 2229 693 2304 repente
719 2205 757 2280 in
784 2208 881 2306 galea
900 2203 1072 2294 consedit,
1098 2205 1135 2280 in
1151 2205 1289 2281 hostem
1305 2233 1380 2283 rer·

397 2326 465 2402 sus·
515 2325 628 2424 Qod
645 2325 775 2423 primo,
805 2346 846 2400 ut
874 2324 1064 2424 augurium
1095 2327 1196 2402 coelo
1222 2325 1379 2416 missurn,

394 2449 505 2522 laetus
537 2449 672 2544 accepit
704 2444 880 2520 tribunus.
924 2448 1088 2520 Precatus
1121 2445 1264 2535 deinde,
1290 2457 1317 2490 “
1344 2447 1380 2521 Si

396 2579 423 2613 “
448 2567 565 2654 dirus,
587 2568 609 2638 [ι
629 2565 712 2641 diva
726 2567 823 2653 effer,
850 2565 913 2665 qui
931 2565 992 2641 srbi
1005 2588 1202 2664 praepetem
1229 2567 1379 2657 misiffer,

397 2699 424 2734 “
449 2690 571 2763 volens
586 2685 760 2787 propitius
786 2687 949 2760 adesset.”
993 2685 1103 2760 Dietu
1123 2685 1296 2776 mirabile,
1325 2711 1376 2764 te-

394 2807 476 2884 nuit
508 2835 579 2883 non
611 2806 724 2882 solum
750 2807 818 2880 ales
846 2827 982 2904 captam
1011 2805 1115 2880 semel
1147 2806 1276 2895 sedem,
1304 2807 1374 2898 sed,

393 2927 689 3028 quotiescumque
704 2949 878 3002 certamen
894 2924 1024 3001 initum
1043 2925 1104 3014 est,
1119 2928 1236 3002 levans
1252 2927 1374 3018 scalis,

392 3075 433 3126 os
459 3047 653 3147 oculosque
681 3046 789 3128 hostis
814 3046 980 3121 rostro&
998 3047 1181 3146 unguibus
1209 3047 1374 3146 adpetiit:

399 3171 513 3245 donec
552 3167 712 3244 territum
748 3165 903 3266 prodigii
947 3166 1024 3242 talis
1062 3168 1152 3256 risu,
1193 3167 1374 3267 oculisque

391 3292 494 3365 fimus
526 3316 566 3364 ac
592 3311 709 3364 mente
741 3290 937 3377 turbatum,
975 3288 1134 3362 Valerius
1176 3289 1373 3363 obtruncat.

390 3411 527 3484 Corvus
544 3435 564 3481 e
580 3406 768 3506 conspedtu
798 3410 907 3482 elatus
931 3405 1103 3484 orientem
1125 3407 1225 3508 perit.
1271 3411 1372 3483 Hac·

390 3549 493 3603 tenus
525 3527 665 3626 quietae
698 3525 880 3625 utrimque
916 3527 1079 3603 stationes
1108 3529 1216 3604 fuere.
1276 3527 1374 3603 Post·

389 3673 498 3750 quam
515 3645 658 3745 spoliate
685 3673 814 3745 corpus
831 3649 916 3722 caesi
930 3647 1037 3723 hostis
1064 3649 1227 3724 tribunus
1242 3647 1373 3747 coepit,

387 3795 455 3846 nec
482 3765 576 3842 Gaui
605 3767 638 3842 se
668 3767 814 3843 statione
840 3775 1096 3860 tenuerunr,&
1126 3773 1374 3844 Romanorum

387 3887 507 3966 cursus
531 3889 577 3962 nd
602 3887 768 3962 victorem
794 3887 899 3963 etiarn
925 3887 1021 3964 ocior
1049 3887 1128 3964 suit.
1178 3889 1250 3976 Ibi,
1280 3888 1373 3965 circa

379 4007 528 4107 jacentis
556 4006 650 4082 Galli
668 4034 796 4107 corpus
812 4013 992 4084 contracto
1009 4009 1212 4099 certamine,
1243 4034 1367 4108 pugna

384 4150 483 4208 atrox
507 4127 712 4206 concitatur.
763 4129 846 4225 Jam
864 4155 936 4204 non
965 4128 1154 4230 manipulis
1184 4127 1365 4230 proxima·
