<?xml version="1.0" encoding="UTF-8"?>
<!DOCTYPE html PUBLIC "-//W3C//DTD XHTML 1.0 Transitional//EN"
    "http://www.w3.org/TR/xhtml1/DTD/xhtml1-transitional.dtd">
<html xmlns="http://www.w3.org/1999/xhtml" xml:lang="en" lang="en">
 <head>
  <title>
</title>
<meta http-equiv="Content-Type" content="text/html;charset=utf-8" />
  <meta name='ocr-system' content='tesseract 3.04.00' />
  <meta name='ocr-capabilities' content='ocr_page ocr_carea ocr_par ocr_line ocrx_word'/>
</head>
<body>
  <div class='ocr_page' id='page_1' title='image "./tliviipatavinih00homegoog_0275.png"; bbox 0 0 3067 5342; ppageno 0'>
   <div class='ocr_carea' id='block_1_1' title="bbox 452 656 1159 756">
    <p class='ocr_par' dir='ltr' id='par_1_1' title="bbox 452 656 1159 756">
     <span class='ocr_line' id='line_1_1' title="bbox 452 656 1159 756; baseline -0.003 -22"><span class='ocrx_word' id='word_1_1' title='bbox 452 658 681 734; x_wconf 80' lang='lat' dir='ltr'>L1rren</span> <span class='ocrx_word' id='word_1_2' title='bbox 732 656 831 733; x_wconf 90' lang='lat' dir='ltr'><strong>VIII.</strong></span> <span class='ocrx_word' id='word_1_3' title='bbox 1091 661 1159 756; x_wconf 82' lang='lat'>267</span> 
     </span>
    </p>
   </div>
   <div class='ocr_carea' id='block_1_2' title="bbox 187 829 1294 934">
    <p class='ocr_par' dir='ltr' id='par_1_2' title="bbox 187 829 1294 934">
     <span class='ocr_line' id='line_1_2' title="bbox 187 829 1294 934; baseline -0.004 -24"><span class='ocrx_word' id='word_1_4' title='bbox 187 831 374 933; x_wconf 86' lang='lat' dir='ltr'>bunisque,</span> <span class='ocrx_word' id='word_1_5' title='bbox 402 838 436 908; x_wconf 87' lang='lat'>&amp;</span> <span class='ocrx_word' id='word_1_6' title='bbox 463 833 617 934; x_wconf 90' lang='lat' dir='ltr'>imperiis</span> <span class='ocrx_word' id='word_1_7' title='bbox 642 838 762 910; x_wconf 77' lang='lat' dir='ltr'>Derlm</span> <span class='ocrx_word' id='word_1_8' title='bbox 787 829 966 932; x_wconf 75' lang='lat' dir='ltr'>propalam</span> <span class='ocrx_word' id='word_1_9' title='bbox 987 832 1163 931; x_wconf 81' lang='lat' dir='ltr'>expositis,</span> <span class='ocrx_word' id='word_1_10' title='bbox 1273 856 1294 863; x_wconf 86' lang='grc'>·’</span> 
     </span>
    </p>
   </div>
   <div class='ocr_carea' id='block_1_3' title="bbox 143 951 1177 4162">
    <p class='ocr_par' dir='ltr' id='par_1_3' title="bbox 143 951 1172 2847">
     <span class='ocr_line' id='line_1_3' title="bbox 187 951 1164 1029; baseline -0.002 -1"><span class='ocrx_word' id='word_1_11' title='bbox 187 981 231 1028; x_wconf 92' lang='lat' dir='ltr'>ne</span> <span class='ocrx_word' id='word_1_12' title='bbox 266 979 359 1028; x_wconf 87' lang='lat' dir='ltr'>mors</span> <span class='ocrx_word' id='word_1_13' title='bbox 387 954 583 1028; x_wconf 82' lang='lat' dir='ltr'>voluntaria</span> <span class='ocrx_word' id='word_1_14' title='bbox 613 953 764 1029; x_wconf 87' lang='lat' dir='ltr'>consulis</span> <span class='ocrx_word' id='word_1_15' title='bbox 798 951 992 1026; x_wconf 82' lang='lat' dir='ltr'>exercitum</span> <span class='ocrx_word' id='word_1_16' title='bbox 1022 952 1061 1026; x_wconf 87' lang='lat' dir='ltr'>in</span> <span class='ocrx_word' id='word_1_17' title='bbox 1090 952 1164 1026; x_wconf 88' lang='lat' dir='ltr'>acie</span> 
     </span>
     <span class='ocr_line' id='line_1_4' title="bbox 187 1072 1165 1171; baseline -0.002 -25"><span class='ocrx_word' id='word_1_18' title='bbox 187 1094 340 1161; x_wconf 90' lang='lat' dir='ltr'>terreret,</span> <span class='ocrx_word' id='word_1_19' title='bbox 367 1095 570 1171; x_wconf 92' lang='lat' dir='ltr'>comparant</span> <span class='ocrx_word' id='word_1_20' title='bbox 596 1073 684 1147; x_wconf 92' lang='lat' dir='ltr'>inter</span> <span class='ocrx_word' id='word_1_21' title='bbox 712 1072 759 1162; x_wconf 91' lang='lat' dir='ltr'>se,</span> <span class='ocrx_word' id='word_1_22' title='bbox 803 1093 856 1160; x_wconf 93' lang='lat' dir='ltr'>ut,</span> <span class='ocrx_word' id='word_1_23' title='bbox 884 1074 931 1145; x_wconf 90' lang='lat' dir='ltr'>ab</span> <span class='ocrx_word' id='word_1_24' title='bbox 960 1093 1039 1145; x_wconf 85' lang='lat' dir='ltr'>utra</span> <span class='ocrx_word' id='word_1_25' title='bbox 1069 1093 1165 1170; x_wconf 88' lang='lat' dir='ltr'>parte</span> 
     </span>
     <span class='ocr_line' id='line_1_5' title="bbox 143 1189 1164 1289; baseline -0.001 -23"><span class='ocrx_word' id='word_1_26' title='bbox 143 1217 150 1220; x_wconf 87' lang='lat'>·</span> <span class='ocrx_word' id='word_1_27' title='bbox 189 1195 313 1266; x_wconf 86' lang='lat' dir='ltr'>cedere</span> <span class='ocrx_word' id='word_1_28' title='bbox 331 1195 516 1268; x_wconf 85' lang='lat' dir='ltr'>Romanus</span> <span class='ocrx_word' id='word_1_29' title='bbox 533 1192 705 1268; x_wconf 83' lang='lat' dir='ltr'>exercitus</span> <span class='ocrx_word' id='word_1_30' title='bbox 722 1190 898 1289; x_wconf 85' lang='lat' dir='ltr'>coepisset,</span> <span class='ocrx_word' id='word_1_31' title='bbox 926 1189 1010 1264; x_wconf 90' lang='lat' dir='ltr'>inde</span> <span class='ocrx_word' id='word_1_32' title='bbox 1021 1189 1055 1264; x_wconf 90' lang='lat' dir='ltr'>se</span> <span class='ocrx_word' id='word_1_33' title='bbox 1080 1217 1164 1265; x_wconf 63' lang='lat' dir='ltr'>con⁴</span> 
     </span>
     <span class='ocr_line' id='line_1_6' title="bbox 187 1307 1164 1411; baseline 0.001 -28"><span class='ocrx_word' id='word_1_34' title='bbox 187 1310 239 1384; x_wconf 91' lang='lat' dir='ltr'>sul</span> <span class='ocrx_word' id='word_1_35' title='bbox 256 1312 443 1387; x_wconf 88' lang='lat' dir='ltr'>devoveret</span> <span class='ocrx_word' id='word_1_36' title='bbox 456 1339 520 1411; x_wconf 89' lang='lat' dir='ltr'>pro</span> <span class='ocrx_word' id='word_1_37' title='bbox 536 1312 670 1410; x_wconf 92' lang='lat' dir='ltr'>populo</span> <span class='ocrx_word' id='word_1_38' title='bbox 686 1314 855 1385; x_wconf 84' lang='lat' dir='ltr'>Romano</span> <span class='ocrx_word' id='word_1_39' title='bbox 879 1307 1164 1411; x_wconf 83' lang='lat' dir='ltr'>Qriritibusque.</span> 
     </span>
     <span class='ocr_line' id='line_1_7' title="bbox 188 1429 1166 1530; baseline 0 -26"><span class='ocrx_word' id='word_1_40' title='bbox 188 1429 378 1530; x_wconf 86' lang='lat' dir='ltr'>Agitatum</span> <span class='ocrx_word' id='word_1_41' title='bbox 410 1431 516 1505; x_wconf 87' lang='lat' dir='ltr'>etiam</span> <span class='ocrx_word' id='word_1_42' title='bbox 545 1431 583 1504; x_wconf 93' lang='lat' dir='ltr'>in</span> <span class='ocrx_word' id='word_1_43' title='bbox 613 1430 755 1506; x_wconf 81' lang='lat' dir='ltr'>consilio</span> <span class='ocrx_word' id='word_1_44' title='bbox 784 1431 846 1519; x_wconf 89' lang='lat' dir='ltr'>est,</span> <span class='ocrx_word' id='word_1_45' title='bbox 879 1451 934 1518; x_wconf 92' lang='lat' dir='ltr'>ut,</span> <span class='ocrx_word' id='word_1_46' title='bbox 964 1433 988 1502; x_wconf 85' lang='lat' dir='ltr'>sr</span> <span class='ocrx_word' id='word_1_47' title='bbox 1021 1433 1166 1527; x_wconf 87' lang='lat' dir='ltr'>quando</span> 
     </span>
     <span class='ocr_line' id='line_1_8' title="bbox 187 1547 1166 1650; baseline 0 -28"><span class='ocrx_word' id='word_1_48' title='bbox 187 1575 363 1648; x_wconf 88' lang='lat' dir='ltr'>umquam</span> <span class='ocrx_word' id='word_1_49' title='bbox 389 1547 505 1624; x_wconf 86' lang='lat' dir='ltr'>severo</span> <span class='ocrx_word' id='word_1_50' title='bbox 532 1552 648 1625; x_wconf 92' lang='lat' dir='ltr'>ullum</span> <span class='ocrx_word' id='word_1_51' title='bbox 677 1549 826 1650; x_wconf 90' lang='lat' dir='ltr'>imperio</span> <span class='ocrx_word' id='word_1_52' title='bbox 854 1552 990 1624; x_wconf 92' lang='lat' dir='ltr'>bellum</span> <span class='ocrx_word' id='word_1_53' title='bbox 1015 1549 1166 1624; x_wconf 88' lang='lat' dir='ltr'>admini-</span> 
     </span>
     <span class='ocr_line' id='line_1_9' title="bbox 188 1666 1167 1768; baseline 0 -26"><span class='ocrx_word' id='word_1_54' title='bbox 188 1668 332 1743; x_wconf 82' lang='lat' dir='ltr'>stratum</span> <span class='ocrx_word' id='word_1_55' title='bbox 350 1671 444 1757; x_wconf 84' lang='lat' dir='ltr'>esset,</span> <span class='ocrx_word' id='word_1_56' title='bbox 474 1691 560 1745; x_wconf 89' lang='lat' dir='ltr'>tunc</span> <span class='ocrx_word' id='word_1_57' title='bbox 576 1670 630 1744; x_wconf 91' lang='lat' dir='ltr'>uti</span> <span class='ocrx_word' id='word_1_58' title='bbox 646 1670 831 1768; x_wconf 87' lang='lat' dir='ltr'>disciplina</span> <span class='ocrx_word' id='word_1_59' title='bbox 846 1668 1006 1743; x_wconf 87' lang='lat' dir='ltr'>militaris</span> <span class='ocrx_word' id='word_1_60' title='bbox 1021 1670 1068 1742; x_wconf 88' lang='lat' dir='ltr'>ad</span> <span class='ocrx_word' id='word_1_61' title='bbox 1084 1666 1167 1767; x_wconf 89' lang='lat' dir='ltr'>pris-</span> 
     </span>
     <span class='ocr_line' id='line_1_10' title="bbox 189 1788 1168 1888; baseline -0.001 -24"><span class='ocrx_word' id='word_1_62' title='bbox 189 1815 249 1864; x_wconf 89' lang='lat' dir='ltr'>cos</span> <span class='ocrx_word' id='word_1_63' title='bbox 279 1788 494 1888; x_wconf 86' lang='lat' dir='ltr'>redigeretur</span> <span class='ocrx_word' id='word_1_64' title='bbox 525 1816 649 1864; x_wconf 91' lang='lat' dir='ltr'>mores.</span> <span class='ocrx_word' id='word_1_65' title='bbox 713 1793 845 1864; x_wconf 84' lang='lat' dir='ltr'>Curam</span> <span class='ocrx_word' id='word_1_66' title='bbox 869 1793 1031 1878; x_wconf 85' lang='lat' dir='ltr'>acuebat,</span> <span class='ocrx_word' id='word_1_67' title='bbox 1066 1791 1168 1888; x_wconf 88' lang='lat' dir='ltr'>quod</span> 
     </span>
     <span class='ocr_line' id='line_1_11' title="bbox 189 1907 1167 2008; baseline 0.002 -26"><span class='ocrx_word' id='word_1_68' title='bbox 189 1907 351 1983; x_wconf 86' lang='lat' dir='ltr'>adversus</span> <span class='ocrx_word' id='word_1_69' title='bbox 365 1908 513 1983; x_wconf 83' lang='lat' dir='ltr'>Latinos</span> <span class='ocrx_word' id='word_1_70' title='bbox 523 1910 727 1984; x_wconf 90' lang='lat' dir='ltr'>bellandum</span> <span class='ocrx_word' id='word_1_71' title='bbox 742 1931 826 1998; x_wconf 89' lang='lat' dir='ltr'>erat,</span> <span class='ocrx_word' id='word_1_72' title='bbox 844 1909 979 2008; x_wconf 86' lang='lat' dir='ltr'>lingua,</span> <span class='ocrx_word' id='word_1_73' title='bbox 994 1909 1167 1997; x_wconf 88' lang='lat' dir='ltr'>moribus,</span> 
     </span>
     <span class='ocr_line' id='line_1_12' title="bbox 189 2027 1167 2128; baseline 0.001 -26"><span class='ocrx_word' id='word_1_74' title='bbox 189 2053 351 2102; x_wconf 85' lang='lat' dir='ltr'>amorum</span> <span class='ocrx_word' id='word_1_75' title='bbox 368 2055 507 2128; x_wconf 86' lang='lat' dir='ltr'>genere,</span> <span class='ocrx_word' id='word_1_76' title='bbox 534 2028 700 2103; x_wconf 86' lang='lat' dir='ltr'>institutis</span> <span class='ocrx_word' id='word_1_77' title='bbox 716 2049 796 2103; x_wconf 90' lang='lat' dir='ltr'>ante</span> <span class='ocrx_word' id='word_1_78' title='bbox 817 2028 937 2102; x_wconf 85' lang='lat' dir='ltr'>omnia</span> <span class='ocrx_word' id='word_1_79' title='bbox 957 2027 1167 2105; x_wconf 79' lang='lat' dir='ltr'>militaribus</span> 
     </span>
     <span class='ocr_line' id='line_1_13' title="bbox 194 2147 1169 2246; baseline 0.005 -25"><span class='ocrx_word' id='word_1_80' title='bbox 194 2169 451 2246; x_wconf 84' lang='lat' dir='ltr'>congruentes:</span> <span class='ocrx_word' id='word_1_81' title='bbox 502 2148 630 2222; x_wconf 85' lang='lat' dir='ltr'>milites</span> <span class='ocrx_word' id='word_1_82' title='bbox 674 2147 860 2236; x_wconf 84' lang='lat' dir='ltr'>militibus,</span> <span class='ocrx_word' id='word_1_83' title='bbox 903 2148 1169 2225; x_wconf 88' lang='lat' dir='ltr'>centurionibus</span> 
     </span>
     <span class='ocr_line' id='line_1_14' title="bbox 199 2265 1168 2371; baseline 0.007 -31"><span class='ocrx_word' id='word_1_84' title='bbox 199 2265 435 2355; x_wconf 83' lang='lat' dir='ltr'>cennrriones,</span> <span class='ocrx_word' id='word_1_85' title='bbox 461 2267 594 2342; x_wconf 88' lang='lat' dir='ltr'>tribuni</span> <span class='ocrx_word' id='word_1_86' title='bbox 620 2268 769 2343; x_wconf 87' lang='lat' dir='ltr'>tribunis</span> <span class='ocrx_word' id='word_1_87' title='bbox 793 2294 973 2366; x_wconf 86' lang='lat' dir='ltr'>compares</span> <span class='ocrx_word' id='word_1_88' title='bbox 998 2272 1168 2371; x_wconf 85' lang='lat' dir='ltr'>collegae·</span> 
     </span>
     <span class='ocr_line' id='line_1_15' title="bbox 193 2385 1169 2489; baseline 0.006 -30"><span class='ocrx_word' id='word_1_89' title='bbox 193 2412 279 2484; x_wconf 92' lang='lat' dir='ltr'>que,</span> <span class='ocrx_word' id='word_1_90' title='bbox 297 2385 421 2461; x_wconf 91' lang='lat' dir='ltr'>iisdem</span> <span class='ocrx_word' id='word_1_91' title='bbox 437 2385 623 2483; x_wconf 85' lang='lat' dir='ltr'>praesidiis,</span> <span class='ocrx_word' id='word_1_92' title='bbox 640 2386 737 2486; x_wconf 88' lang='lat' dir='ltr'>saepe</span> <span class='ocrx_word' id='word_1_93' title='bbox 751 2387 876 2462; x_wconf 88' lang='lat' dir='ltr'>iisdem</span> <span class='ocrx_word' id='word_1_94' title='bbox 890 2388 1081 2488; x_wconf 83' lang='lat' dir='ltr'>manipulis</span> <span class='ocrx_word' id='word_1_95' title='bbox 1093 2418 1169 2489; x_wconf 88' lang='lat' dir='ltr'>per·</span> 
     </span>
     <span class='ocr_line' id='line_1_16' title="bbox 193 2504 1170 2606; baseline 0.007 -28"><span class='ocrx_word' id='word_1_96' title='bbox 193 2504 299 2579; x_wconf 83' lang='lat' dir='ltr'>mixti</span> <span class='ocrx_word' id='word_1_97' title='bbox 320 2505 469 2580; x_wconf 82' lang='lat' dir='ltr'>fuerant.</span> <span class='ocrx_word' id='word_1_98' title='bbox 518 2510 585 2581; x_wconf 91' lang='lat' dir='ltr'>Per</span> <span class='ocrx_word' id='word_1_99' title='bbox 610 2509 696 2582; x_wconf 87' lang='lat' dir='ltr'>haec</span> <span class='ocrx_word' id='word_1_100' title='bbox 723 2533 767 2580; x_wconf 91' lang='lat' dir='ltr'>ne</span> <span class='ocrx_word' id='word_1_101' title='bbox 796 2534 871 2606; x_wconf 90' lang='lat' dir='ltr'>quo</span> <span class='ocrx_word' id='word_1_102' title='bbox 897 2534 1009 2583; x_wconf 89' lang='lat' dir='ltr'>errore</span> <span class='ocrx_word' id='word_1_103' title='bbox 1041 2509 1170 2585; x_wconf 89' lang='lat' dir='ltr'>milites</span> 
     </span>
     <span class='ocr_line' id='line_1_17' title="bbox 195 2624 1172 2726; baseline 0.002 -26"><span class='ocrx_word' id='word_1_104' title='bbox 195 2646 412 2724; x_wconf 84' lang='lat' dir='ltr'>caperentur,</span> <span class='ocrx_word' id='word_1_105' title='bbox 443 2625 591 2701; x_wconf 90' lang='lat' dir='ltr'>edicunt</span> <span class='ocrx_word' id='word_1_106' title='bbox 608 2624 782 2716; x_wconf 82' lang='lat' dir='ltr'>consules,</span> <span class='ocrx_word' id='word_1_107' title='bbox 812 2627 941 2726; x_wconf 87' lang='lat' dir='ltr'>nequis</span> <span class='ocrx_word' id='word_1_108' title='bbox 966 2647 1062 2701; x_wconf 84' lang='lat' dir='ltr'>extra</span> <span class='ocrx_word' id='word_1_109' title='bbox 1077 2629 1172 2703; x_wconf 92' lang='lat' dir='ltr'>ordi·</span> 
     </span>
     <span class='ocr_line' id='line_1_18' title="bbox 193 2746 681 2847; baseline -0.002 -27"><span class='ocrx_word' id='word_1_110' title='bbox 193 2773 277 2820; x_wconf 91' lang='lat' dir='ltr'>nem</span> <span class='ocrx_word' id='word_1_111' title='bbox 292 2746 331 2820; x_wconf 92' lang='lat' dir='ltr'>in</span> <span class='ocrx_word' id='word_1_112' title='bbox 347 2746 482 2821; x_wconf 89' lang='lat' dir='ltr'>hostem</span> <span class='ocrx_word' id='word_1_113' title='bbox 499 2768 681 2847; x_wconf 89' lang='lat' dir='ltr'>pugnaret.</span> 
     </span>
    </p>

    <p class='ocr_par' dir='ltr' id='par_1_4' title="bbox 195 2865 1177 4162">
     <span class='ocr_line' id='line_1_19' title="bbox 245 2865 1169 2965; baseline 0.003 -26"><span class='ocrx_word' id='word_1_114' title='bbox 245 2869 326 2940; x_wconf 87' lang='lat' dir='ltr'><strong>VII.</strong></span> <span class='ocrx_word' id='word_1_115' title='bbox 353 2867 456 2940; x_wconf 91' lang='lat' dir='ltr'>Forte</span> <span class='ocrx_word' id='word_1_116' title='bbox 479 2865 569 2940; x_wconf 91' lang='lat' dir='ltr'>inter</span> <span class='ocrx_word' id='word_1_117' title='bbox 595 2888 727 2940; x_wconf 90' lang='lat' dir='ltr'>ceteros</span> <span class='ocrx_word' id='word_1_118' title='bbox 754 2887 949 2941; x_wconf 82' lang='lat' dir='ltr'>tunnamm</span> <span class='ocrx_word' id='word_1_119' title='bbox 966 2867 1169 2965; x_wconf 72' lang='lat' dir='ltr'>pmeseclos,</span> 
     </span>
     <span class='ocr_line' id='line_1_20' title="bbox 195 2984 1170 3085; baseline 0.004 -27"><span class='ocrx_word' id='word_1_120' title='bbox 195 2984 260 3083; x_wconf 91' lang='lat' dir='ltr'>qui</span> <span class='ocrx_word' id='word_1_121' title='bbox 277 2988 497 3083; x_wconf 84' lang='lat' dir='ltr'>exploratum</span> <span class='ocrx_word' id='word_1_122' title='bbox 516 2984 555 3059; x_wconf 92' lang='lat' dir='ltr'>in</span> <span class='ocrx_word' id='word_1_123' title='bbox 577 3011 699 3059; x_wconf 91' lang='lat' dir='ltr'>omnes</span> <span class='ocrx_word' id='word_1_124' title='bbox 716 3007 828 3085; x_wconf 87' lang='lat' dir='ltr'>partes</span> <span class='ocrx_word' id='word_1_125' title='bbox 845 2985 972 3059; x_wconf 86' lang='lat' dir='ltr'>dimiffr</span> <span class='ocrx_word' id='word_1_126' title='bbox 989 3009 1097 3076; x_wconf 92' lang='lat' dir='ltr'>erant,</span> <span class='ocrx_word' id='word_1_127' title='bbox 1122 2991 1170 3062; x_wconf 90' lang='lat' dir='ltr'>T.</span> 
     </span>
     <span class='ocr_line' id='line_1_21' title="bbox 195 3104 1169 3202; baseline 0.003 -23"><span class='ocrx_word' id='word_1_128' title='bbox 195 3104 355 3179; x_wconf 82' lang='lat' dir='ltr'>Manlius</span> <span class='ocrx_word' id='word_1_129' title='bbox 371 3104 522 3180; x_wconf 92' lang='lat' dir='ltr'>consulis</span> <span class='ocrx_word' id='word_1_130' title='bbox 546 3104 641 3179; x_wconf 88' lang='lat' dir='ltr'>filius</span> <span class='ocrx_word' id='word_1_131' title='bbox 660 3104 761 3202; x_wconf 90' lang='lat' dir='ltr'>super</span> <span class='ocrx_word' id='word_1_132' title='bbox 782 3104 890 3179; x_wconf 72' lang='lat' dir='ltr'>castra</span> <span class='ocrx_word' id='word_1_133' title='bbox 912 3105 1067 3180; x_wconf 89' lang='lat' dir='ltr'>hostium</span> <span class='ocrx_word' id='word_1_134' title='bbox 1084 3134 1169 3182; x_wconf 92' lang='lat' dir='ltr'>cum</span> 
     </span>
     <span class='ocr_line' id='line_1_22' title="bbox 195 3223 1172 3321; baseline 0.003 -22"><span class='ocrx_word' id='word_1_135' title='bbox 195 3224 478 3300; x_wconf 86' lang='lat' dir='ltr'>suisturmalibus</span> <span class='ocrx_word' id='word_1_136' title='bbox 489 3230 603 3314; x_wconf 88' lang='lat' dir='ltr'>evasrt,</span> <span class='ocrx_word' id='word_1_137' title='bbox 619 3223 781 3300; x_wconf 84' lang='lat' dir='ltr'>itautvix</span> <span class='ocrx_word' id='word_1_138' title='bbox 791 3224 851 3298; x_wconf 89' lang='lat' dir='ltr'>teli</span> <span class='ocrx_word' id='word_1_139' title='bbox 862 3227 959 3321; x_wconf 68' lang='lat' dir='ltr'>jactu</span> <span class='ocrx_word' id='word_1_140' title='bbox 970 3229 1015 3300; x_wconf 89' lang='lat' dir='ltr'>ab</span> <span class='ocrx_word' id='word_1_141' title='bbox 1027 3227 1172 3302; x_wconf 81' lang='lat' dir='ltr'>statione</span> 
     </span>
     <span class='ocr_line' id='line_1_23' title="bbox 195 3343 1172 3444; baseline 0.004 -26"><span class='ocrx_word' id='word_1_142' title='bbox 195 3344 357 3442; x_wconf 87' lang='lat' dir='ltr'>proxima</span> <span class='ocrx_word' id='word_1_143' title='bbox 385 3348 522 3420; x_wconf 87' lang='lat' dir='ltr'>abesset.</span> <span class='ocrx_word' id='word_1_144' title='bbox 585 3344 640 3420; x_wconf 89' lang='lat' dir='ltr'>lbi</span> <span class='ocrx_word' id='word_1_145' title='bbox 669 3343 864 3420; x_wconf 84' lang='lat' dir='ltr'>Tusculani</span> <span class='ocrx_word' id='word_1_146' title='bbox 895 3366 992 3418; x_wconf 88' lang='lat' dir='ltr'>erant</span> <span class='ocrx_word' id='word_1_147' title='bbox 1024 3346 1172 3444; x_wconf 89' lang='lat' dir='ltr'>equites.</span> 
     </span>
     <span class='ocr_line' id='line_1_24' title="bbox 195 3464 1174 3562; baseline 0.004 -24"><span class='ocrx_word' id='word_1_148' title='bbox 195 3486 349 3561; x_wconf 86' lang='lat' dir='ltr'>praeerat</span> <span class='ocrx_word' id='word_1_149' title='bbox 369 3464 542 3538; x_wconf 87' lang='lat' dir='ltr'>Geminus</span> <span class='ocrx_word' id='word_1_150' title='bbox 559 3464 710 3551; x_wconf 90' lang='lat' dir='ltr'>Metius,</span> <span class='ocrx_word' id='word_1_151' title='bbox 743 3464 900 3538; x_wconf 87' lang='lat' dir='ltr'>virtum</span> <span class='ocrx_word' id='word_1_152' title='bbox 930 3491 1056 3562; x_wconf 87' lang='lat' dir='ltr'>genere</span> <span class='ocrx_word' id='word_1_153' title='bbox 1083 3465 1174 3542; x_wconf 92' lang='lat' dir='ltr'>inter</span> 
     </span>
     <span class='ocr_line' id='line_1_25' title="bbox 196 3581 1174 3683; baseline 0.003 -26"><span class='ocrx_word' id='word_1_154' title='bbox 196 3581 288 3670; x_wconf 90' lang='lat' dir='ltr'>suos,</span> <span class='ocrx_word' id='word_1_155' title='bbox 311 3604 390 3656; x_wconf 88' lang='lat' dir='ltr'>tum</span> <span class='ocrx_word' id='word_1_156' title='bbox 407 3581 518 3672; x_wconf 75' lang='lat' dir='ltr'>neus,</span> <span class='ocrx_word' id='word_1_157' title='bbox 543 3585 666 3658; x_wconf 86' lang='lat' dir='ltr'>clarus.</span> <span class='ocrx_word' id='word_1_158' title='bbox 715 3585 749 3657; x_wconf 91' lang='lat' dir='ltr'>ls</span> <span class='ocrx_word' id='word_1_159' title='bbox 774 3582 839 3657; x_wconf 94' lang='lat' dir='ltr'>ubi</span> <span class='ocrx_word' id='word_1_160' title='bbox 865 3587 1049 3658; x_wconf 83' lang='lat' dir='ltr'>Romanos</span> <span class='ocrx_word' id='word_1_161' title='bbox 1073 3587 1174 3683; x_wconf 90' lang='lat' dir='ltr'>equi-</span> 
     </span>
     <span class='ocr_line' id='line_1_26' title="bbox 198 3701 1175 3802; baseline 0 -24"><span class='ocrx_word' id='word_1_162' title='bbox 198 3725 262 3791; x_wconf 88' lang='lat' dir='ltr'>tes,</span> <span class='ocrx_word' id='word_1_163' title='bbox 288 3702 530 3802; x_wconf 70' lang='lat' dir='ltr'>insignemque</span> <span class='ocrx_word' id='word_1_164' title='bbox 554 3701 643 3778; x_wconf 92' lang='lat' dir='ltr'>inter</span> <span class='ocrx_word' id='word_1_165' title='bbox 666 3728 725 3776; x_wconf 88' lang='lat' dir='ltr'>eos</span> <span class='ocrx_word' id='word_1_166' title='bbox 741 3703 1007 3800; x_wconf 88' lang='lat' dir='ltr'>praecedentem</span> <span class='ocrx_word' id='word_1_167' title='bbox 1025 3704 1175 3778; x_wconf 87' lang='lat' dir='ltr'>consulis</span> 
     </span>
     <span class='ocr_line' id='line_1_27' title="bbox 198 3820 1174 3920; baseline 0 -24"><span class='ocrx_word' id='word_1_168' title='bbox 198 3823 328 3910; x_wconf 93' lang='lat' dir='ltr'>filium,</span> <span class='ocrx_word' id='word_1_169' title='bbox 358 3828 455 3920; x_wconf 83' lang='lat' dir='ltr'>(nam</span> <span class='ocrx_word' id='word_1_170' title='bbox 469 3849 591 3897; x_wconf 85' lang='lat' dir='ltr'>omnes</span> <span class='ocrx_word' id='word_1_171' title='bbox 605 3821 694 3896; x_wconf 89' lang='lat' dir='ltr'>inser</span> <span class='ocrx_word' id='word_1_172' title='bbox 705 3820 752 3908; x_wconf 91' lang='lat' dir='ltr'>se,</span> <span class='ocrx_word' id='word_1_173' title='bbox 777 3821 902 3920; x_wconf 90' lang='lat' dir='ltr'>utique</span> <span class='ocrx_word' id='word_1_174' title='bbox 919 3821 1078 3896; x_wconf 85' lang='lat' dir='ltr'>inlustres</span> <span class='ocrx_word' id='word_1_175' title='bbox 1093 3822 1174 3912; x_wconf 86' lang='lat' dir='ltr'>viri,</span> 
     </span>
     <span class='ocr_line' id='line_1_28' title="bbox 199 3941 1177 4042; baseline -0.001 -24"><span class='ocrx_word' id='word_1_176' title='bbox 199 3943 275 4018; x_wconf 90' lang='lat' dir='ltr'>noti</span> <span class='ocrx_word' id='word_1_177' title='bbox 309 3945 420 4038; x_wconf 81' lang='lat' dir='ltr'>erant)</span> <span class='ocrx_word' id='word_1_178' title='bbox 456 3941 639 4042; x_wconf 88' lang='lat' dir='ltr'>cognovit,</span> <span class='ocrx_word' id='word_1_179' title='bbox 677 3952 703 3985; x_wconf 74' lang='lat'>‘⁴</span> <span class='ocrx_word' id='word_1_180' title='bbox 722 3943 889 4029; x_wconf 88' lang='lat' dir='ltr'>Unane,&#39;’</span> <span class='ocrx_word' id='word_1_181' title='bbox 921 3947 982 4030; x_wconf 85' lang='lat' dir='ltr'>a&#39;r‘t,</span> <span class='ocrx_word' id='word_1_182' title='bbox 1017 3951 1177 4017; x_wconf 88' lang='lat' dir='ltr'>“turma</span> 
     </span>
     <span class='ocr_line' id='line_1_29' title="bbox 201 4059 1177 4162; baseline -0.001 -22"><span class='ocrx_word' id='word_1_183' title='bbox 201 4062 401 4140; x_wconf 86' lang='lat' dir='ltr'>“Romani</span> <span class='ocrx_word' id='word_1_184' title='bbox 427 4088 512 4139; x_wconf 89' lang='lat' dir='ltr'>curn</span> <span class='ocrx_word' id='word_1_185' title='bbox 535 4061 674 4139; x_wconf 82' lang='lat' dir='ltr'>Latinis</span> <span class='ocrx_word' id='word_1_186' title='bbox 701 4059 871 4159; x_wconf 89' lang='lat' dir='ltr'>sociisque</span> <span class='ocrx_word' id='word_1_187' title='bbox 893 4061 1027 4137; x_wconf 87' lang='lat' dir='ltr'>bellum</span> <span class='ocrx_word' id='word_1_188' title='bbox 1047 4063 1177 4162; x_wconf 87' lang='lat' dir='ltr'>gesturi</span> 
     </span>
    </p>
   </div>
   <div class='ocr_carea' id='block_1_4' title="bbox 0 0 1559 5342">
    <p class='ocr_par' dir='ltr' id='par_1_5' title="bbox 0 0 1559 5342">
     <span class='ocr_line' id='line_1_30' title="bbox 0 0 1559 5342; baseline 0 0"><span class='ocrx_word' id='word_1_189' title='bbox 0 0 1559 5342; x_wconf 95' lang='lat' dir='ltr'> </span> 
     </span>
    </p>
   </div>
  </div>
 </body>
</html>
