3067 5342
398 720 463 817 138
713 716 1030 792 T.L1v11

393 904 419 936 ‘⁶
438 918 548 990 quem
567 890 698 966 insidiis
715 890 929 967 instruendis
943 894 1065 967 locum
1081 893 1096 964 ,Ρ
1115 888 1244 991 frigere
1260 914 1298 966 ac
1312 911 1376 964 tor-

392 1024 516 1111 “pere
545 1010 635 1086 senis
661 1010 812 1087 consilia
863 1015 934 1087 Sed
964 1011 1122 1088 Camillo
1146 1037 1264 1111 quum
1290 1012 1376 1086 vitae

392 1142 418 1174 “
436 1130 527 1219 satis,
561 1153 641 1207 tum
667 1132 798 1233 gloriae
825 1134 903 1209 esse.
954 1132 1057 1237 Qrid
1087 1132 1264 1221 adtinere,
1296 1158 1376 1207 curn

391 1252 574 1327 “mortali
597 1278 744 1351 corpore
767 1279 856 1344 uno,
883 1253 1047 1343 civitatis,
1076 1280 1191 1353 quam
1214 1252 1377 1327 inmorta-

390 1374 506 1446 “lem
526 1375 594 1447 effe
617 1374 754 1462 deceat,
779 1374 852 1473 pati
876 1374 1122 1451 consenescere
1139 1374 1234 1449 vires
1247 1376 1284 1447 ?'‘
1308 1370 1377 1447 His

390 1492 612 1569 sermonibus
627 1513 702 1569 tota
717 1494 756 1570 in
774 1493 807 1569 se
824 1517 991 1571 averterat
1008 1496 1130 1571 castra
1164 1486 1171 1497 ’
1186 1498 1248 1583 Et,
1266 1516 1376 1591 quum

389 1614 559 1689 omnibus
591 1614 679 1691 locis
711 1614 910 1714 posceretur
942 1642 1077 1716 pugna,
1121 1628 1147 1661 “
1167 1612 1377 1699 Sustinere,”

389 1735 523 1835 inquit,
547 1747 572 1780 ‘⁴
590 1740 648 1811 M.
666 1736 767 1826 Furi,
792 1762 866 1810 non
887 1739 1071 1835 possumus
1091 1729 1376 1835 inpetummili-

389 1867 417 1900 “
435 1880 536 1931 tum:
564 1859 600 1931 lle
623 1856 743 1944 hostis,
773 1857 873 1953 cujus
896 1856 1032 1931 animos
1049 1856 1261 1932 cunstando
1277 1849 1373 1926 auxi-

391 1988 417 2021 “
435 2002 529 2065 mus,
553 1976 629 2073 jam
651 1975 802 2053 minime
829 1979 1009 2051 toleranda
1035 1976 1205 2077 superbia
1227 1971 1373 2048 insultat.

390 2109 418 2141 ‘⁸
434 2099 535 2173 Cede
550 2122 645 2171 unus
661 2097 844 2185 omnibus,
867 2100 1032 2197 &patere
1047 2118 1081 2173 te
1099 2096 1202 2172 vinci
1220 2091 1371 2177 confiso,

390 2230 416 2262 “
433 2240 475 2291 ut
503 2216 677 2291 maturius
700 2218 794 2292 bello
820 2218 975 2293 vincas.'’
1025 2219 1088 2292 Ad
1115 2244 1159 2293 ea
1182 2213 1371 2291 Camillus:

390 2342 535 2437 “Qrae
564 2337 657 2411 bella
685 2335 748 2411 suo
777 2337 885 2413 unius
911 2337 1070 2437 auspicio
1092 2338 1193 2438 gesta
1222 2338 1269 2411 ad
1300 2357 1372 2407 earn

390 2464 417 2499 “
434 2454 533 2530 diem
545 2458 667 2545 essent,
684 2482 812 2556 negare
823 2456 859 2530 in
873 2457 924 2533 eis
938 2483 1054 2556 neque
1068 2455 1116 2546 se,
1129 2483 1251 2556 neque
1262 2477 1369 2555 popu·

390 2578 511 2650 “lum
535 2578 759 2665 Romanum,
787 2598 848 2651 aut
875 2578 1007 2653 confilii
1032 2576 1099 2666 sui,
1126 2601 1190 2653 aut
1216 2577 1371 2651 fortunae

389 2708 415 2743 “
433 2696 654 2797 poenituisse.
705 2696 817 2773 Nunc
847 2697 946 2787 scire,
977 2697 1009 2771 se
1040 2700 1217 2799 collegam
1248 2698 1369 2770 habere

389 2821 507 2915 “jure
525 2818 748 2919 imperioque
765 2844 899 2917 parem,
922 2817 1044 2917 vigore
1061 2819 1185 2893 aetatis
1201 2814 1367 2917 praestan·

388 2952 414 2984 ‘⁴
432 2964 517 3014 tem.
567 2942 692 3039 Itaque
718 2938 765 3027 se,
790 2940 891 3038 quod
913 2940 958 3013 ad
979 2938 1182 3014 exercitum
1204 2936 1367 3019 adtineat,

388 3071 414 3105 “
433 3086 551 3160 regere
568 3058 758 3147 consuesse,
778 3086 850 3135 non
861 3058 946 3160 regi.
997 3062 1167 3161 Collegae
1183 3054 1366 3159 imperium

388 3192 414 3225 “
433 3179 466 3255 se
494 3207 565 3253 non
589 3182 684 3279 posse
709 3178 881 3279 inpedire.
932 3179 1013 3255 Diis
1043 3184 1134 3255 bene
1164 3176 1365 3279 juvantibus

388 3314 413 3345 “
432 3324 562 3401 ageret,
590 3302 728 3399 quode
745 3299 927 3399 republica
944 3301 1102 3376 duceret.
1155 3299 1275 3377 Aetati
1292 3296 1365 3371 suae

388 3432 415 3464 “
433 3420 466 3494 se
488 3420 630 3495 veniam
646 3418 753 3495 etiam
771 3441 902 3518 petere,
934 3448 978 3494 ne
997 3420 1033 3495 in
1052 3421 1171 3520 prima
1187 3422 1261 3497 acie
1278 3417 1363 3493 esset.

388 3551 415 3582 ‘⁴
432 3545 536 3642 Qrae
550 3538 638 3614 senis
654 3539 779 3615 munia
794 3540 831 3615 in
848 3543 943 3616 bello
961 3545 1038 3630 srnt,
1068 3541 1110 3617 iis
1128 3543 1161 3618 se
1180 3570 1253 3619 non
1268 3534 1331 3615 des
1349 3579 1363 3592 ·

388 3671 413 3704 ‘⁴
432 3683 566 3735 turum.
615 3662 696 3735 Ida
713 3660 794 3736 Diis
812 3661 1058 3737 inmortalibus
1074 3664 1224 3763 precari,
1248 3651 1363 3755 nequi

388 3792 413 3826 “
432 3780 529 3857 casus
546 3780 651 3857 suum
668 3780 852 3857 confilium
876 3783 1055 3859 laudabile
1078 3786 1241 3861 efficiat.''
1288 3780 1360 3855 Nec

384 3906 431 3977 ab
448 3900 655 3977 hominibus
680 3900 835 3976 salutaris
852 3901 1033 3995 sententia,
1062 3932 1126 3982 nec
1150 3934 1171 3982 a
1195 3903 1274 3982 Diis
1295 3920 1361 3972 tam

387 4023 465 4121 piae
487 4048 608 4121 preces
629 4021 772 4098 auditae
795 4021 886 4098 sunt.
937 4024 1094 4101 Primam
1117 4020 1361 4102 aciem'auslor

385 4168 535 4243 pugnae·
555 4142 708 4233 instruit,
739 4143 890 4221 subfidia
920 4145 1093 4223 Camillus
1123 4150 1250 4234 firmat,
1280 4132 1357 4213 vali·
1395 4120 1399 4126 ’
1508 4206 1509 4217 ,
