3067 5342
516 651 843 728 LraatV.
1115 679 1164 752 49

180 821 354 904 consulari
385 825 565 924 potestate,
597 829 645 902 L.
679 826 808 900 Furius
835 824 1062 902 Medullinus
1087 825 1162 903 sex·

180 970 274 1034 tum,
308 947 351 1020 C.
377 944 567 1034 Aemilius,
602 950 648 1034 L.
674 945 834 1020 Valerius
867 947 1067 1036 Publicola,
1100 953 1159 1048 Sp.

179 1065 398 1153 Postumius,
429 1069 470 1140 P.
494 1065 679 1140 Cornelius
706 1063 845 1140 iterum.
896 1065 1079 1166 Principio
1100 1095 1160 1144 an-

178 1185 218 1258 ni
245 1185 379 1261 tribuni
397 1185 510 1284 plebis
528 1185 617 1260 nihil
632 1206 834 1274 moverunt,
867 1187 983 1261 donec
1008 1191 1067 1261 M.
1085 1191 1158 1262 Fu-

176 1305 251 1382 rius
268 1305 440 1380 Camillus
458 1305 495 1379 in
513 1303 679 1394 Faliscos,
711 1305 771 1380 cui
794 1305 834 1380 id
859 1308 994 1381 bellum
1011 1310 1157 1382 manda·

175 1447 257 1500 tum
299 1447 384 1513 erat,
426 1425 712 1524 proficisceretur.
777 1425 986 1502 Differendo
1026 1427 1158 1504 deinde

179 1548 338 1649 elanguit
350 1571 418 1621 res:
446 1549 481 1619 dr
499 1547 664 1636 Camillo,
688 1573 797 1646 quem
808 1547 1042 1622 adversarium
1058 1575 1157 1624 max-

175 1667 248 1744 ime
266 1673 485 1758 metuebant,
517 1666 628 1768 gloria
645 1669 681 1742 in
706 1665 849 1742 Faliscis
876 1668 995 1744 crevit.
1045 1673 1156 1760 Nam,

176 1815 293 1889 quum
319 1789 435 1888 primo
453 1787 641 1863 moenibus
658 1787 691 1862 se
715 1787 830 1862 hostes
853 1809 1024 1877 tenerent,
1058 1790 1156 1865 totis-

175 1913 302 1984 srmum
316 1908 356 1983 id
373 1907 450 1998 rati,
482 1903 712 2007 populatione
729 1934 895 2008 agrorum
911 1929 1017 2008 atque
1034 1910 1156 1988 incen-

176 2029 246 2106 diis
262 2028 425 2104 villarum
455 2027 574 2128 coe'git
598 2055 658 2102 eos
688 2026 809 2128 egredi
832 2033 940 2116 urbe3
966 2027 1027 2105 sed
1049 2031 1156 2108 timor
1179 2039 1182 2045 ’

175 2151 318 2251 longius
341 2148 505 2250 progredi
532 2146 726 2246 prohibuit.
776 2148 884 2223 Mille
901 2147 972 2224 sere
993 2154 1156 2249 paffuum

173 2275 220 2347 ab
238 2269 373 2371 oppido
390 2269 498 2344 castra
510 2271 629 2344 locant
635 2301 646 2356 3
682 2270 837 2342 nulla're
863 2268 931 2343 alia
946 2271 1095 2346 fidentes
1114 2299 1156 2347 ea

174 2391 254 2466 satis
285 2411 362 2466 tuta
386 2393 467 2477 else,
500 2415 609 2487 quam
636 2387 843 2463 difficultate
869 2389 999 2480 aditus,
1028 2391 1155 2492 asperis

173 2507 454 2610 confragosrsque
480 2508 585 2596 circa,
619 2509 798 2607 &partim
826 2509 921 2598 artis,
954 2511 1083 2610 partim
1103 2539 1154 2588 ar-

174 2631 258 2707 duis
275 2631 352 2706 viis.
402 2632 571 2704 Ceterum
587 2627 773 2716 Camillus,
798 2629 980 2728 captivum
996 2631 1156 2708 indicem

172 2780 218 2828 ex
232 2750 475 2852 agris'secutus
489 2749 634 2836 ducem,
660 2748 777 2822 castris
791 2752 904 2823 multa
913 2755 1016 2827 noste
1033 2753 1152 2842 motis,

173 2872 289 2972 prima
304 2874 384 2947 luce
408 2872 589 2969 aliquanto
615 2866 852 2970 superioribus
879 2872 966 2946 locis
981 2870 1014 2946 se
1041 2873 1155 2948 osten·

174 2993 239 3068 dit.
289 2991 478 3068 Trisariam
504 2993 662 3069 Romani
689 2991 910 3066 muniebant.
961 2991 1066 3068 Alius
1093 3021 1154 3070 ex-

149 3159 151 3162 ·
172 3113 304 3190 ercitus
320 3113 454 3214 proelio
471 3115 627 3190 intentus
644 3113 764 3188 stabat.
814 3110 870 3185 Ibi
888 3111 1048 3210 inpedire
1063 3141 1154 3214 opus

172 3256 319 3312 conatos
345 3235 459 3309 hostes
476 3233 597 3309 fundit
612 3234 805 3334 fugatque,
835 3251 1046 3331 tantumque
1067 3233 1152 3310 inde

171 3354 311 3455 pavoris
345 3353 486 3430 Faliscis
516 3355 686 3451 injectum
719 3353 782 3442 est,
825 3373 881 3441 ut,
928 3352 1036 3428 effusa
1067 3355 1154 3456 fuga
1184 3440 1187 3452 Ι

170 3477 281 3553 castra
296 3474 369 3566 sua,
399 3501 490 3574 quae
512 3474 676 3572 propiora
697 3495 807 3560 erant,
841 3473 997 3572 praelati,
1025 3478 1152 3552 urbem

170 3617 340 3698 peterent.
391 3594 506 3670 Multi
536 3597 620 3668 caeli
654 3592 912 3692 vulneratique,
947 3593 1152 3693 priusquam
1231 3601 1234 3603 “

170 3738 338 3819 paventes
353 3715 461 3815 portis
480 3711 686 3789 inciderent.
736 3713 856 3790 Castra
870 3734 990 3812 capta,
1023 3718 1153 3812 praeda

170 3839 217 3913 ad
244 3837 441 3936 quaestores
471 3837 609 3910 redacta
634 3859 719 3910 curn
745 3859 876 3932 magna
903 3832 1062 3908 militum
1079 3836 1150 3910 ira:

171 3959 244 4047 sed,
271 3957 449 4032 severitate
473 3953 612 4054 imperii
628 3953 728 4041 visti,
754 3954 918 4028 eamdem
931 3953 1098 4030 virtutem
1115 3961 1151 4030 sc

171 4083 331 4168 oderant,
364 4082 400 4153 ὅτ
418 4075 646 4152 mirabantur.
695 4072 845 4150 Obfidio
866 4073 951 4149 inde
970 4075 1081 4166 urbis,
1116 4081 1151 4151 dc
1188 4087 1193 4098 '

649 4195 680 4267 E
