3067 5342
504 722 735 798 Lrurn
787 719 868 796 VII.
1114 749 1182 823 225

199 895 316 970 caussa
332 892 418 968 dici.
468 896 597 970 Distus
614 899 655 970 P.
673 895 834 972 Valerius
851 892 1048 969 Publicola.
1099 896 1182 968 Ma·

198 1014 307 1113 gister
331 1010 498 1111 equitum
517 1015 549 1090 ei
572 1021 628 1118 Q
639 1016 771 1092 Fabius
788 1015 986 1091 Ambustus
1003 1017 1104 1088 datus
1121 1015 1182 1089 est.

198 1137 287 1209 Non
312 1134 426 1209 tribus
452 1156 588 1210 rantum
618 1135 855 1234 supplicatum
872 1135 922 1210 ire
944 1134 1091 1234 placuit,
1121 1133 1181 1208 sed

198 1254 371 1329 finitimos
384 1254 490 1329 etiam
507 1258 680 1354 populos3
698 1258 858 1353 ordoque
872 1254 928 1344 iis,
943 1281 1016 1354 quo
1033 1253 1182 1354 quisque

197 1375 257 1449 die
271 1374 520 1474 supplicarent,
537 1375 695 1452 statutus.
730 1375 876 1472 Judicia
891 1402 933 1450 eo
947 1402 1040 1449 anno
1056 1372 1181 1474 populi

198 1495 308 1570 tristia
318 1495 592 1571 insoeneratores
603 1496 895 1595 sasta,quibusab
905 1493 1181 1570 aedilibusdicla

197 1615 275 1690 dies
290 1619 385 1706 esset,
403 1618 601 1690 traduntur.
636 1619 684 1691 Et
700 1642 764 1706 res,
788 1618 886 1692 haud
902 1616 975 1689 ulla
991 1613 1116 1714 insigni
1132 1614 1179 1686 ad

194 1735 405 1812 memoriam
421 1740 547 1825 cauffa,
562 1738 608 1810 ad
625 1735 864 1836 interregnum
882 1734 996 1809 rediit.
1048 1736 1106 1806 Ex
1124 1731 1177 1805 in·

194 1878 372 1957 terregn0,
395 1877 438 1930 ut
451 1855 489 1930 id
505 1859 623 1931 actum
638 1855 751 1930 videri
768 1858 891 1954 pollet,
913 1857 1020 1928 ambo
1035 1852 1174 1952 patricii

195 1974 356 2050 consules
370 1975 476 2051 creati
497 1975 590 2065 sunt,
611 1978 668 2051 M.
687 1975 844 2052 Valerius
861 1978 996 2051 Corvus
1019 1973 1176 2065 tertium,

195 2100 244 2170 A.
262 2095 449 2170 Cornelius
472 2099 606 2174 Cossus.

246 2217 388 2314 XXIX.
415 2217 553 2312 Majora
564 2219 640 2313 jam
657 2217 741 2293 hinc
757 2219 862 2308 bella,
892 2223 927 2294 ἃ
943 2217 1077 2294 viribus
1095 2213 1173 2290 hos·

195 2333 304 2424 tium,
334 2336 643 2436 &longinquitate
667 2341 724 2412 vel
741 2339 942 2439 regionum,
966 2341 1022 2413 vel
1038 2359 1175 2435 tempo-

196 2480 280 2530 rum
290 2454 413 2553 spatio,
433 2455 566 2554 quibus
582 2459 751 2532 bellatum
761 2461 824 2547 est,
839 2459 1012 2534 dicentur.
1063 2461 1175 2534 Nam-

199 2600 272 2673 que
299 2600 342 2649 eo
366 2601 460 2649 anno
486 2575 649 2651 adversus
671 2579 857 2669 Samnites,
886 2601 1029 2678 gentem
1047 2577 1176 2676 opibus

195 2694 370 2795 armisque
392 2695 560 2786 validam,
590 2719 688 2772 mota
708 2725 814 2772 arma.
864 2697 1076 2773 Samnitium
1102 2695 1174 2770 bel-

195 2817 287 2904 lum,
304 2815 451 2913 ancipiti
467 2820 585 2892 Marte
599 2817 750 2917 gestum,
767 2818 920 2915 Pyrrhus
937 2815 1057 2904 hostis,
1071 2818 1173 2913 Pyrr-

195 2939 286 3010 hum
298 2935 410 3010 Poeni
426 2936 547 3011 secuti.
596 2943 741 3040 Qanta
754 2963 870 3011 rerum
883 2937 1015 3010 moles?
1034 2933 1173 3035 quoties

194 3057 234 3129 in
251 3077 408 3132 extrema
423 3057 663 3156 periculorum
679 3079 840 3144 ventum,
858 3078 900 3130 ut
914 3055 950 3130 in
968 3058 1058 3129 hanc
1075 3081 1172 3153 mag·

195 3177 411 3265 nitudinem,
441 3204 533 3276 quae
555 3177 617 3252 vix
643 3175 840 3274 sustinetur,
871 3175 958 3274 erigi
982 3173 1172 3271 imperium

189 3299 331 3396 posset?
362 3297 451 3372 Belli
468 3320 586 3372 autem
601 3299 717 3371 caussa
730 3323 815 3371 cum
832 3295 1062 3381 Samnitibus,
1094 3295 1170 3366 Ro·

195 3416 321 3505 manis,
344 3442 459 3517 quum
484 3416 645 3492 societate
666 3415 894 3514 amicitiaque
911 3414 1028 3512 juncti
1051 3415 1170 3501 essent,

194 3536 407 3613 extrinsecus
424 3543 522 3611 venit
532 3570 544 3625 ;
571 3563 644 3611 non
661 3557 736 3610 orta
749 3536 839 3610 inter
856 3535 946 3634 ipsos
962 3536 1022 3610 est.
1040 3629 1045 3638 ι
1071 3537 1169 3608 Sam·

194 3658 284 3732 nites
293 3656 459 3732 Sidicinis
474 3655 600 3753 injusta
609 3683 716 3744 arma,
734 3655 820 3754 quia
831 3655 965 3731 viribus
975 3657 1054 3754 plus
1071 3675 1169 3751 pote·

192 3799 282 3864 rant,
301 3803 416 3875 quum
430 3777 635 3863 intulissent,
649 3775 761 3850 euasti
779 3775 901 3874 inopes
910 3777 956 3849 ad
969 3773 1167 3873 opulentio-

194 3923 275 3971 rum
301 3896 476 3971 auxilium
493 3896 696 3996 confugere,
727 3892 918 3992 Campanis
934 3893 1001 3968 sese
1023 3893 1169 3987 conjun-

193 4039 295 4116 gunt.
323 4016 497 4117 Campani
511 4016 623 4116 magis
633 4041 765 4090 nomen
776 4016 821 4088 ad
831 4012 1039 4112 praefidium
1056 4010 1166 4085 socio-

193 4161 286 4224 rum,
303 4161 413 4236 quam
429 4138 532 4224 vires,
550 4162 666 4236 quum
682 4134 896 4221 adtulissent,
914 4135 1061 4208 fluentes
1077 4119 1165 4205 luxu

645 4399 649 4404 Α
704 4260 761 4357 Q
