<?xml version="1.0" encoding="UTF-8"?>
<!DOCTYPE html PUBLIC "-//W3C//DTD XHTML 1.0 Transitional//EN"
    "http://www.w3.org/TR/xhtml1/DTD/xhtml1-transitional.dtd">
<html xmlns="http://www.w3.org/1999/xhtml" xml:lang="en" lang="en">
 <head>
  <title>
</title>
<meta http-equiv="Content-Type" content="text/html;charset=utf-8" />
  <meta name='ocr-system' content='tesseract 3.04.00' />
  <meta name='ocr-capabilities' content='ocr_page ocr_carea ocr_par ocr_line ocrx_word'/>
</head>
<body>
  <div class='ocr_page' id='page_1' title='image "./tliviipatavinih00homegoog_0139.png"; bbox 0 0 3067 5342; ppageno 0'>
   <div class='ocr_carea' id='block_1_1' title="bbox 421 687 1111 789">
    <p class='ocr_par' dir='ltr' id='par_1_1' title="bbox 421 687 1111 789">
     <span class='ocr_line' id='line_1_1' title="bbox 421 687 1111 789; baseline -0.004 -23"><span class='ocrx_word' id='word_1_1' title='bbox 421 690 632 766; x_wconf 81' lang='lat' dir='ltr'>Lrann</span> <span class='ocrx_word' id='word_1_2' title='bbox 683 687 747 765; x_wconf 88' lang='lat' dir='ltr'>Vl.</span> <span class='ocrx_word' id='word_1_3' title='bbox 1047 715 1111 789; x_wconf 84' lang='lat'>131</span> 
     </span>
    </p>
   </div>
   <div class='ocr_carea' id='block_1_2' title="bbox 133 862 1112 1570">
    <p class='ocr_par' dir='ltr' id='par_1_2' title="bbox 136 862 1109 971">
     <span class='ocr_line' id='line_1_2' title="bbox 136 862 1109 971; baseline 0.001 -30"><span class='ocrx_word' id='word_1_4' title='bbox 136 885 209 941; x_wconf 87' lang='lat' dir='ltr'>turn</span> <span class='ocrx_word' id='word_1_5' title='bbox 235 866 295 941; x_wconf 90' lang='lat' dir='ltr'>M.</span> <span class='ocrx_word' id='word_1_6' title='bbox 312 866 481 943; x_wconf 84' lang='lat' dir='ltr'>Maenius</span> <span class='ocrx_word' id='word_1_7' title='bbox 503 872 538 943; x_wconf 72' lang='grc' dir='ltr'>δι</span> <span class='ocrx_word' id='word_1_8' title='bbox 562 866 808 971; x_wconf 74' lang='lat' dir='ltr'>QPublilius</span> <span class='ocrx_word' id='word_1_9' title='bbox 830 862 965 943; x_wconf 90' lang='lat' dir='ltr'>tribuni</span> <span class='ocrx_word' id='word_1_10' title='bbox 982 864 1109 965; x_wconf 84' lang='lat' dir='ltr'>plebis,</span> 
     </span>
    </p>

    <p class='ocr_par' dir='ltr' id='par_1_3' title="bbox 133 985 1112 1570">
     <span class='ocr_line' id='line_1_3' title="bbox 136 985 1112 1089; baseline 0.001 -28.041"><span class='ocrx_word' id='word_1_11' title='bbox 136 986 278 1089; x_wconf 85' lang='lat' dir='ltr'>“Qrid</span> <span class='ocrx_word' id='word_1_12' title='bbox 291 990 438 1063; x_wconf 83' lang='lat' dir='ltr'>Parrum</span> <span class='ocrx_word' id='word_1_13' title='bbox 455 988 489 1063; x_wconf 69' lang='lat' dir='ltr'>a</span> <span class='ocrx_word' id='word_1_14' title='bbox 506 989 621 1086; x_wconf 88' lang='lat' dir='ltr'>plebis</span> <span class='ocrx_word' id='word_1_15' title='bbox 635 1011 812 1064; x_wconf 86' lang='lat' dir='ltr'>certamen</span> <span class='ocrx_word' id='word_1_16' title='bbox 827 985 991 1077; x_wconf 86' lang='lat' dir='ltr'>facimus,</span> <span class='ocrx_word' id='word_1_17' title='bbox 1010 991 1112 1087; x_wconf 90' lang='lat' dir='ltr'>quod</span> 
     </span>
     <span class='ocr_line' id='line_1_4' title="bbox 135 1106 1111 1207; baseline -0.002 -24"><span class='ocrx_word' id='word_1_18' title='bbox 135 1107 326 1183; x_wconf 85' lang='lat' dir='ltr'>“civitatis</span> <span class='ocrx_word' id='word_1_19' title='bbox 351 1112 418 1183; x_wconf 87' lang='lat' dir='ltr'>effe</span> <span class='ocrx_word' id='word_1_20' title='bbox 447 1109 610 1184; x_wconf 85' lang='lat' dir='ltr'>adversus</span> <span class='ocrx_word' id='word_1_21' title='bbox 637 1136 754 1183; x_wconf 89' lang='lat' dir='ltr'>unum</span> <span class='ocrx_word' id='word_1_22' title='bbox 771 1106 1024 1207; x_wconf 88' lang='lat' dir='ltr'>pestiferum</span> <span class='ocrx_word' id='word_1_23' title='bbox 994 1134 1111 1183; x_wconf 90' lang='lat' dir='ltr'>c1vem</span> 
     </span>
     <span class='ocr_line' id='line_1_5' title="bbox 135 1228 1109 1332; baseline 0 -29"><span class='ocrx_word' id='word_1_24' title='bbox 135 1239 157 1271; x_wconf 93' lang='lat'><strong>“</strong></span> <span class='ocrx_word' id='word_1_25' title='bbox 173 1230 312 1304; x_wconf 84' lang='lat' dir='ltr'>debet?</span> <span class='ocrx_word' id='word_1_26' title='bbox 360 1231 465 1332; x_wconf 81' lang='lat' dir='ltr'>Qrid</span> <span class='ocrx_word' id='word_1_27' title='bbox 494 1257 580 1305; x_wconf 91' lang='lat' dir='ltr'>cum</span> <span class='ocrx_word' id='word_1_28' title='bbox 609 1232 713 1329; x_wconf 81' lang='lat' dir='ltr'>plebe</span> <span class='ocrx_word' id='word_1_29' title='bbox 747 1228 977 1327; x_wconf 80' lang='lat' dir='ltr'>adgredimur</span> <span class='ocrx_word' id='word_1_30' title='bbox 1010 1238 1109 1317; x_wconf 88' lang='lat' dir='ltr'>eum,</span> 
     </span>
     <span class='ocr_line' id='line_1_6' title="bbox 134 1349 1111 1450; baseline -0.001 -27"><span class='ocrx_word' id='word_1_31' title='bbox 134 1358 157 1392; x_wconf 90' lang='lat'><strong>“</strong></span> <span class='ocrx_word' id='word_1_32' title='bbox 173 1375 286 1448; x_wconf 89' lang='lat' dir='ltr'>quem</span> <span class='ocrx_word' id='word_1_33' title='bbox 311 1376 375 1448; x_wconf 89' lang='lat' dir='ltr'>per</span> <span class='ocrx_word' id='word_1_34' title='bbox 400 1349 512 1450; x_wconf 85' lang='lat' dir='ltr'>ipsam</span> <span class='ocrx_word' id='word_1_35' title='bbox 528 1353 671 1449; x_wconf 89' lang='lat' dir='ltr'><strong>plebem</strong></span> <span class='ocrx_word' id='word_1_36' title='bbox 687 1350 800 1425; x_wconf 91' lang='lat' dir='ltr'>tutius</span> <span class='ocrx_word' id='word_1_37' title='bbox 812 1349 960 1449; x_wconf 80' lang='lat' dir='ltr'>adgredi</span> <span class='ocrx_word' id='word_1_38' title='bbox 976 1350 1039 1438; x_wconf 89' lang='lat' dir='ltr'>est,</span> <span class='ocrx_word' id='word_1_39' title='bbox 1069 1370 1111 1423; x_wconf 93' lang='lat' dir='ltr'>ut</span> 
     </span>
     <span class='ocr_line' id='line_1_7' title="bbox 133 1469 1109 1570; baseline 0 -26"><span class='ocrx_word' id='word_1_40' title='bbox 133 1478 156 1513; x_wconf 90' lang='lat'><strong>“</strong></span> <span class='ocrx_word' id='word_1_41' title='bbox 172 1470 243 1544; x_wconf 88' lang='lat' dir='ltr'>suis</span> <span class='ocrx_word' id='word_1_42' title='bbox 257 1470 330 1570; x_wconf 89' lang='lat' dir='ltr'>ipse</span> <span class='ocrx_word' id='word_1_43' title='bbox 359 1492 522 1545; x_wconf 90' lang='lat' dir='ltr'>oneratus</span> <span class='ocrx_word' id='word_1_44' title='bbox 545 1470 680 1545; x_wconf 85' lang='lat' dir='ltr'>viribus</span> <span class='ocrx_word' id='word_1_45' title='bbox 702 1474 802 1545; x_wconf 90' lang='lat' dir='ltr'>ruat?</span> <span class='ocrx_word' id='word_1_46' title='bbox 827 1494 830 1501; x_wconf 55' lang='lat'><strong>⁴</strong></span> <span class='ocrx_word' id='word_1_47' title='bbox 855 1470 964 1545; x_wconf 92' lang='lat' dir='ltr'>Diem</span> <span class='ocrx_word' id='word_1_48' title='bbox 990 1469 1109 1544; x_wconf 87' lang='lat' dir='ltr'>dicere</span> 
     </span>
    </p>
   </div>
   <div class='ocr_carea' id='block_1_3' title="bbox 133 1589 1263 1689">
    <p class='ocr_par' dir='ltr' id='par_1_4' title="bbox 133 1589 1263 1689">
     <span class='ocr_line' id='line_1_8' title="bbox 133 1589 1263 1689; baseline -0.001 -24"><span class='ocrx_word' id='word_1_49' title='bbox 133 1601 157 1634; x_wconf 89' lang='lat'><strong>“</strong></span> <span class='ocrx_word' id='word_1_50' title='bbox 171 1590 206 1665; x_wconf 90' lang='lat' dir='ltr'>ei</span> <span class='ocrx_word' id='word_1_51' title='bbox 223 1589 328 1665; x_wconf 87' lang='lat' dir='ltr'>nobis</span> <span class='ocrx_word' id='word_1_52' title='bbox 351 1590 389 1664; x_wconf 92' lang='lat' dir='ltr'>in</span> <span class='ocrx_word' id='word_1_53' title='bbox 413 1590 535 1665; x_wconf 90' lang='lat' dir='ltr'>animo</span> <span class='ocrx_word' id='word_1_54' title='bbox 560 1591 619 1666; x_wconf 94' lang='lat' dir='ltr'>est.</span> <span class='ocrx_word' id='word_1_55' title='bbox 670 1592 776 1667; x_wconf 93' lang='lat' dir='ltr'>Nihil</span> <span class='ocrx_word' id='word_1_56' title='bbox 798 1591 917 1665; x_wconf 90' lang='lat' dir='ltr'>minus</span> <span class='ocrx_word' id='word_1_57' title='bbox 940 1591 1111 1689; x_wconf 88' lang='lat' dir='ltr'>populare</span> <span class='ocrx_word' id='word_1_58' title='bbox 1262 1642 1263 1645; x_wconf 53' lang='lat'><em>=</em></span> 
     </span>
    </p>
   </div>
   <div class='ocr_carea' id='block_1_4' title="bbox 130 1710 1128 2897">
    <p class='ocr_par' dir='ltr' id='par_1_5' title="bbox 130 1710 1128 2897">
     <span class='ocr_line' id='line_1_9' title="bbox 134 1710 1111 1810; baseline -0.002 -25"><span class='ocrx_word' id='word_1_59' title='bbox 134 1720 156 1755; x_wconf 89' lang='lat'>“</span> <span class='ocrx_word' id='word_1_60' title='bbox 172 1736 287 1809; x_wconf 91' lang='lat' dir='ltr'>quam</span> <span class='ocrx_word' id='word_1_61' title='bbox 315 1736 466 1810; x_wconf 86' lang='lat' dir='ltr'>regnum</span> <span class='ocrx_word' id='word_1_62' title='bbox 490 1712 550 1787; x_wconf 90' lang='lat' dir='ltr'>est.</span> <span class='ocrx_word' id='word_1_63' title='bbox 599 1712 715 1787; x_wconf 87' lang='lat' dir='ltr'>Simul</span> <span class='ocrx_word' id='word_1_64' title='bbox 740 1711 937 1787; x_wconf 90' lang='lat' dir='ltr'>multitudo</span> <span class='ocrx_word' id='word_1_65' title='bbox 962 1710 1021 1785; x_wconf 89' lang='lat' dir='ltr'>illa</span> <span class='ocrx_word' id='word_1_66' title='bbox 1037 1736 1111 1785; x_wconf 90' lang='lat' dir='ltr'>non</span> 
     </span>
     <span class='ocr_line' id='line_1_10' title="bbox 132 1830 1128 1928; baseline 0.001 -22"><span class='ocrx_word' id='word_1_67' title='bbox 132 1841 154 1875; x_wconf 82' lang='lat'>‘⁴</span> <span class='ocrx_word' id='word_1_68' title='bbox 170 1831 295 1906; x_wconf 90' lang='lat' dir='ltr'>secum</span> <span class='ocrx_word' id='word_1_69' title='bbox 322 1832 443 1907; x_wconf 88' lang='lat' dir='ltr'>certari</span> <span class='ocrx_word' id='word_1_70' title='bbox 459 1831 626 1921; x_wconf 89' lang='lat' dir='ltr'>viderint,</span> <span class='ocrx_word' id='word_1_71' title='bbox 657 1838 691 1907; x_wconf 72' lang='grc' dir='ltr'>ἃ</span> <span class='ocrx_word' id='word_1_72' title='bbox 717 1860 763 1907; x_wconf 89' lang='lat' dir='ltr'>ex</span> <span class='ocrx_word' id='word_1_73' title='bbox 779 1830 959 1907; x_wconf 86' lang='lat' dir='ltr'>advocatis</span> <span class='ocrx_word' id='word_1_74' title='bbox 969 1830 1111 1928; x_wconf 86' lang='lat' dir='ltr'>judices</span> <span class='ocrx_word' id='word_1_75' title='bbox 1127 1852 1128 1855; x_wconf 75' lang='grc'>’</span> 
     </span>
     <span class='ocr_line' id='line_1_11' title="bbox 133 1951 1110 2052; baseline -0.001 -25"><span class='ocrx_word' id='word_1_76' title='bbox 133 1962 156 1997; x_wconf 89' lang='grc'><strong>“</strong></span> <span class='ocrx_word' id='word_1_77' title='bbox 171 1951 258 2027; x_wconf 70' lang='lat' dir='ltr'>facti</span> <span class='ocrx_word' id='word_1_78' title='bbox 275 1972 392 2042; x_wconf 92' lang='lat' dir='ltr'>erunt,</span> <span class='ocrx_word' id='word_1_79' title='bbox 419 1958 453 2026; x_wconf 78' lang='grc' dir='ltr'>δι</span> <span class='ocrx_word' id='word_1_80' title='bbox 470 1951 684 2028; x_wconf 85' lang='lat' dir='ltr'>accusatores</span> <span class='ocrx_word' id='word_1_81' title='bbox 707 1954 752 2027; x_wconf 88' lang='lat' dir='ltr'>de</span> <span class='ocrx_word' id='word_1_82' title='bbox 778 1955 894 2052; x_wconf 89' lang='lat' dir='ltr'>plebe,</span> <span class='ocrx_word' id='word_1_83' title='bbox 921 1952 1110 2051; x_wconf 91' lang='lat' dir='ltr'>patricium</span> 
     </span>
     <span class='ocr_line' id='line_1_12' title="bbox 131 2071 1109 2173; baseline -0.002 -25"><span class='ocrx_word' id='word_1_84' title='bbox 131 2081 154 2115; x_wconf 91' lang='lat'><strong>“</strong></span> <span class='ocrx_word' id='word_1_85' title='bbox 170 2096 276 2148; x_wconf 87' lang='lat' dir='ltr'>reum</span> <span class='ocrx_word' id='word_1_86' title='bbox 293 2071 538 2162; x_wconf 90' lang='lat' dir='ltr'>intuebuntur,</span> <span class='ocrx_word' id='word_1_87' title='bbox 572 2076 607 2147; x_wconf 71' lang='grc' dir='ltr'>δι</span> <span class='ocrx_word' id='word_1_88' title='bbox 625 2072 724 2173; x_wconf 89' lang='lat' dir='ltr'>regni</span> <span class='ocrx_word' id='word_1_89' title='bbox 750 2074 885 2147; x_wconf 88' lang='lat' dir='ltr'>crimen</span> <span class='ocrx_word' id='word_1_90' title='bbox 909 2072 947 2147; x_wconf 92' lang='lat' dir='ltr'>in</span> <span class='ocrx_word' id='word_1_91' title='bbox 969 2072 1109 2161; x_wconf 81' lang='lat' dir='ltr'>medi03</span> 
     </span>
     <span class='ocr_line' id='line_1_13' title="bbox 132 2192 1072 2293; baseline 0.001 -26"><span class='ocrx_word' id='word_1_92' title='bbox 132 2202 154 2237; x_wconf 90' lang='lat'><strong>“</strong></span> <span class='ocrx_word' id='word_1_93' title='bbox 172 2193 266 2267; x_wconf 91' lang='lat' dir='ltr'>nulli</span> <span class='ocrx_word' id='word_1_94' title='bbox 283 2192 409 2292; x_wconf 85' lang='lat' dir='ltr'>magis,</span> <span class='ocrx_word' id='word_1_95' title='bbox 437 2220 547 2293; x_wconf 90' lang='lat' dir='ltr'>quam</span> <span class='ocrx_word' id='word_1_96' title='bbox 563 2192 729 2281; x_wconf 84' lang='lat' dir='ltr'>libertati,</span> <span class='ocrx_word' id='word_1_97' title='bbox 756 2193 940 2283; x_wconf 88' lang='lat' dir='ltr'>favebunt,</span> <span class='ocrx_word' id='word_1_98' title='bbox 958 2193 1072 2268; x_wconf 87' lang='lat' dir='ltr'>suae.&#39;’</span> 
     </span>
     <span class='ocr_line' id='line_1_14' title="bbox 178 2313 1110 2412; baseline -0.002 -23"><span class='ocrx_word' id='word_1_99' title='bbox 178 2317 265 2389; x_wconf 87' lang='lat' dir='ltr'>XX.</span> <span class='ocrx_word' id='word_1_100' title='bbox 293 2313 588 2412; x_wconf 86' lang='lat' dir='ltr'>Adprobantibus</span> <span class='ocrx_word' id='word_1_101' title='bbox 603 2313 753 2402; x_wconf 68' lang='lat' dir='ltr'>cunstis,</span> <span class='ocrx_word' id='word_1_102' title='bbox 782 2314 880 2389; x_wconf 90' lang='lat' dir='ltr'>diem</span> <span class='ocrx_word' id='word_1_103' title='bbox 901 2314 1042 2389; x_wconf 90' lang='lat' dir='ltr'>Manlio</span> <span class='ocrx_word' id='word_1_104' title='bbox 1056 2314 1110 2388; x_wconf 85' lang='lat' dir='ltr'>di·</span> 
     </span>
     <span class='ocr_line' id='line_1_15' title="bbox 130 2434 1113 2534; baseline 0.002 -26"><span class='ocrx_word' id='word_1_105' title='bbox 130 2454 228 2508; x_wconf 87' lang='lat' dir='ltr'>cunt.</span> <span class='ocrx_word' id='word_1_106' title='bbox 277 2435 391 2534; x_wconf 84' lang='lat' dir='ltr'>Qtod</span> <span class='ocrx_word' id='word_1_107' title='bbox 422 2434 486 2508; x_wconf 91' lang='lat' dir='ltr'>ubi</span> <span class='ocrx_word' id='word_1_108' title='bbox 516 2434 566 2509; x_wconf 88' lang='lat' dir='ltr'>est</span> <span class='ocrx_word' id='word_1_109' title='bbox 595 2434 741 2522; x_wconf 74' lang='lat' dir='ltr'>factum,</span> <span class='ocrx_word' id='word_1_110' title='bbox 782 2435 898 2534; x_wconf 89' lang='lat' dir='ltr'>primo</span> <span class='ocrx_word' id='word_1_111' title='bbox 931 2457 1113 2511; x_wconf 89' lang='lat' dir='ltr'>commota</span> 
     </span>
     <span class='ocr_line' id='line_1_16' title="bbox 130 2553 1111 2653; baseline 0.004 -26"><span class='ocrx_word' id='word_1_112' title='bbox 130 2556 230 2651; x_wconf 87' lang='lat' dir='ltr'>plebs</span> <span class='ocrx_word' id='word_1_113' title='bbox 249 2553 311 2645; x_wconf 88' lang='lat' dir='ltr'>est,</span> <span class='ocrx_word' id='word_1_114' title='bbox 338 2554 467 2653; x_wconf 92' lang='lat' dir='ltr'>utique</span> <span class='ocrx_word' id='word_1_115' title='bbox 490 2554 678 2653; x_wconf 89' lang='lat' dir='ltr'>postquam</span> <span class='ocrx_word' id='word_1_116' title='bbox 694 2553 914 2630; x_wconf 88' lang='lat' dir='ltr'>sordidatum</span> <span class='ocrx_word' id='word_1_117' title='bbox 936 2583 1037 2631; x_wconf 90' lang='lat' dir='ltr'>reum</span> <span class='ocrx_word' id='word_1_118' title='bbox 1058 2556 1111 2631; x_wconf 89' lang='lat' dir='ltr'>vi-</span> 
     </span>
     <span class='ocr_line' id='line_1_17' title="bbox 131 2676 1111 2774; baseline 0 -25"><span class='ocrx_word' id='word_1_119' title='bbox 131 2676 260 2750; x_wconf 92' lang='lat' dir='ltr'>derunt</span> <span class='ocrx_word' id='word_1_120' title='bbox 266 2709 279 2764; x_wconf 92' lang='lat'>;</span> <span class='ocrx_word' id='word_1_121' title='bbox 313 2702 381 2751; x_wconf 90' lang='lat' dir='ltr'>nec</span> <span class='ocrx_word' id='word_1_122' title='bbox 398 2702 482 2750; x_wconf 90' lang='lat' dir='ltr'>cum</span> <span class='ocrx_word' id='word_1_123' title='bbox 508 2701 552 2749; x_wconf 87' lang='lat' dir='ltr'>eo</span> <span class='ocrx_word' id='word_1_124' title='bbox 580 2701 653 2749; x_wconf 94' lang='lat' dir='ltr'>non</span> <span class='ocrx_word' id='word_1_125' title='bbox 679 2677 790 2749; x_wconf 93' lang='lat' dir='ltr'>modo</span> <span class='ocrx_word' id='word_1_126' title='bbox 817 2680 963 2751; x_wconf 90' lang='lat' dir='ltr'>Patrum</span> <span class='ocrx_word' id='word_1_127' title='bbox 986 2702 1111 2774; x_wconf 89' lang='lat' dir='ltr'>quem·</span> 
     </span>
     <span class='ocr_line' id='line_1_18' title="bbox 133 2794 1110 2897; baseline 0 -28"><span class='ocrx_word' id='word_1_128' title='bbox 133 2820 256 2893; x_wconf 88' lang='lat' dir='ltr'>quarn,</span> <span class='ocrx_word' id='word_1_129' title='bbox 281 2795 342 2871; x_wconf 89' lang='lat' dir='ltr'>sed</span> <span class='ocrx_word' id='word_1_130' title='bbox 368 2824 413 2871; x_wconf 91' lang='lat' dir='ltr'>ne</span> <span class='ocrx_word' id='word_1_131' title='bbox 430 2816 598 2897; x_wconf 92' lang='lat' dir='ltr'>cognatos</span> <span class='ocrx_word' id='word_1_132' title='bbox 615 2794 764 2894; x_wconf 91' lang='lat' dir='ltr'>quidem</span> <span class='ocrx_word' id='word_1_133' title='bbox 781 2817 842 2869; x_wconf 88' lang='lat' dir='ltr'>aut</span> <span class='ocrx_word' id='word_1_134' title='bbox 858 2798 1005 2885; x_wconf 86' lang='lat' dir='ltr'>adfines,</span> <span class='ocrx_word' id='word_1_135' title='bbox 1033 2794 1110 2894; x_wconf 92' lang='lat' dir='ltr'>pos-</span> 
     </span>
    </p>
   </div>
   <div class='ocr_carea' id='block_1_5' title="bbox 133 2914 1275 3015">
    <p class='ocr_par' dir='ltr' id='par_1_6' title="bbox 133 2914 1275 3015">
     <span class='ocr_line' id='line_1_19' title="bbox 133 2914 1275 3015; baseline 0.001 -26"><span class='ocrx_word' id='word_1_136' title='bbox 133 2935 244 2991; x_wconf 86' lang='lat' dir='ltr'>tremo</span> <span class='ocrx_word' id='word_1_137' title='bbox 266 2943 311 2991; x_wconf 90' lang='lat' dir='ltr'>ne</span> <span class='ocrx_word' id='word_1_138' title='bbox 327 2916 447 2991; x_wconf 88' lang='lat' dir='ltr'>fratres</span> <span class='ocrx_word' id='word_1_139' title='bbox 465 2915 614 3015; x_wconf 91' lang='lat' dir='ltr'>quidem</span> <span class='ocrx_word' id='word_1_140' title='bbox 631 2922 679 2990; x_wconf 88' lang='lat' dir='ltr'>A.</span> <span class='ocrx_word' id='word_1_141' title='bbox 697 2920 731 2990; x_wconf 75' lang='lat' dir='ltr'>n</span> <span class='ocrx_word' id='word_1_142' title='bbox 744 2920 792 2989; x_wconf 92' lang='grc' dir='ltr'>Τ.</span> <span class='ocrx_word' id='word_1_143' title='bbox 807 2914 982 2989; x_wconf 86' lang='lat' dir='ltr'>Manlios:</span> <span class='ocrx_word' id='word_1_144' title='bbox 1011 2918 1112 3014; x_wconf 93' lang='lat' dir='ltr'>quod</span> <span class='ocrx_word' id='word_1_145' title='bbox 1269 2966 1275 2976; x_wconf 89' lang='lat'><em>·</em></span> 
     </span>
    </p>
   </div>
   <div class='ocr_carea' id='block_1_6' title="bbox 133 3034 1113 3738">
    <p class='ocr_par' dir='ltr' id='par_1_7' title="bbox 133 3034 1113 3738">
     <span class='ocr_line' id='line_1_20' title="bbox 133 3034 1112 3135; baseline 0.001 -26"><span class='ocrx_word' id='word_1_146' title='bbox 133 3037 182 3109; x_wconf 91' lang='lat' dir='ltr'>ad</span> <span class='ocrx_word' id='word_1_147' title='bbox 197 3062 278 3110; x_wconf 90' lang='lat' dir='ltr'>eum</span> <span class='ocrx_word' id='word_1_148' title='bbox 293 3035 393 3111; x_wconf 89' lang='lat' dir='ltr'>diem</span> <span class='ocrx_word' id='word_1_149' title='bbox 410 3063 610 3135; x_wconf 90' lang='lat' dir='ltr'>numquam</span> <span class='ocrx_word' id='word_1_150' title='bbox 634 3034 699 3110; x_wconf 90' lang='lat' dir='ltr'>usu</span> <span class='ocrx_word' id='word_1_151' title='bbox 723 3035 880 3124; x_wconf 87' lang='lat' dir='ltr'>veniffet,</span> <span class='ocrx_word' id='word_1_152' title='bbox 909 3058 950 3109; x_wconf 92' lang='lat' dir='ltr'>ut</span> <span class='ocrx_word' id='word_1_153' title='bbox 962 3034 1000 3109; x_wconf 92' lang='lat' dir='ltr'>in</span> <span class='ocrx_word' id='word_1_154' title='bbox 1015 3056 1112 3110; x_wconf 90' lang='lat' dir='ltr'>tanto</span> 
     </span>
     <span class='ocr_line' id='line_1_21' title="bbox 133 3153 1111 3255; baseline 0.003 -27"><span class='ocrx_word' id='word_1_155' title='bbox 133 3153 333 3231; x_wconf 89' lang='lat' dir='ltr'>discrimine</span> <span class='ocrx_word' id='word_1_156' title='bbox 347 3184 418 3231; x_wconf 91' lang='lat' dir='ltr'>non</span> <span class='ocrx_word' id='word_1_157' title='bbox 437 3155 641 3255; x_wconf 84' lang='lat' dir='ltr'>&amp;proximi</span> <span class='ocrx_word' id='word_1_158' title='bbox 657 3156 788 3231; x_wconf 89' lang='lat' dir='ltr'>vestem</span> <span class='ocrx_word' id='word_1_159' title='bbox 801 3176 987 3231; x_wconf 86' lang='lat' dir='ltr'>mutarent.</span> <span class='ocrx_word' id='word_1_160' title='bbox 1038 3162 1111 3254; x_wconf 89' lang='lat' dir='ltr'>Ap.</span> 
     </span>
     <span class='ocr_line' id='line_1_22' title="bbox 135 3276 1110 3365; baseline -0.001 -14"><span class='ocrx_word' id='word_1_161' title='bbox 135 3276 284 3351; x_wconf 86' lang='lat' dir='ltr'>Claudio</span> <span class='ocrx_word' id='word_1_162' title='bbox 308 3276 347 3350; x_wconf 93' lang='lat' dir='ltr'>in</span> <span class='ocrx_word' id='word_1_163' title='bbox 375 3276 518 3353; x_wconf 83' lang='lat' dir='ltr'>vincula</span> <span class='ocrx_word' id='word_1_164' title='bbox 544 3278 668 3365; x_wconf 72' lang='lat' dir='ltr'>dusto,</span> <span class='ocrx_word' id='word_1_165' title='bbox 701 3278 744 3351; x_wconf 90' lang='lat' dir='ltr'>C.</span> <span class='ocrx_word' id='word_1_166' title='bbox 773 3276 967 3351; x_wconf 89' lang='lat' dir='ltr'>Claudium</span> <span class='ocrx_word' id='word_1_167' title='bbox 992 3276 1110 3352; x_wconf 84' lang='lat' dir='ltr'>inimi·</span> 
     </span>
     <span class='ocr_line' id='line_1_23' title="bbox 137 3397 1112 3497; baseline 0.002 -27"><span class='ocrx_word' id='word_1_168' title='bbox 137 3422 219 3471; x_wconf 91' lang='lat' dir='ltr'>cum</span> <span class='ocrx_word' id='word_1_169' title='bbox 250 3397 512 3497; x_wconf 85' lang='lat' dir='ltr'>Claudiamque</span> <span class='ocrx_word' id='word_1_170' title='bbox 543 3423 688 3472; x_wconf 91' lang='lat' dir='ltr'>omnem</span> <span class='ocrx_word' id='word_1_171' title='bbox 721 3417 864 3496; x_wconf 86' lang='lat' dir='ltr'>gentem</span> <span class='ocrx_word' id='word_1_172' title='bbox 900 3397 1112 3473; x_wconf 85' lang='lat' dir='ltr'>sordidatam</span> 
     </span>
     <span class='ocr_line' id='line_1_24' title="bbox 137 3514 1113 3617; baseline 0.005 -29"><span class='ocrx_word' id='word_1_173' title='bbox 137 3514 244 3592; x_wconf 80' lang='lat' dir='ltr'>brisse.</span> <span class='ocrx_word' id='word_1_174' title='bbox 279 3516 460 3594; x_wconf 90' lang='lat' dir='ltr'>Consensu</span> <span class='ocrx_word' id='word_1_175' title='bbox 476 3516 631 3617; x_wconf 88' lang='lat' dir='ltr'>opprimi</span> <span class='ocrx_word' id='word_1_176' title='bbox 645 3520 850 3616; x_wconf 90' lang='lat' dir='ltr'>popularem</span> <span class='ocrx_word' id='word_1_177' title='bbox 863 3516 992 3607; x_wconf 90' lang='lat' dir='ltr'>virum,</span> <span class='ocrx_word' id='word_1_178' title='bbox 1011 3520 1113 3617; x_wconf 93' lang='lat' dir='ltr'>quod</span> 
     </span>
     <span class='ocr_line' id='line_1_25' title="bbox 139 3635 1112 3738; baseline 0.002 -29"><span class='ocrx_word' id='word_1_179' title='bbox 139 3635 267 3732; x_wconf 87' lang='lat' dir='ltr'>primus</span> <span class='ocrx_word' id='word_1_180' title='bbox 288 3665 309 3712; x_wconf 88' lang='lat' dir='ltr'>a</span> <span class='ocrx_word' id='word_1_181' title='bbox 328 3636 491 3713; x_wconf 88' lang='lat' dir='ltr'>Patribus</span> <span class='ocrx_word' id='word_1_182' title='bbox 511 3640 558 3712; x_wconf 92' lang='lat' dir='ltr'>ad</span> <span class='ocrx_word' id='word_1_183' title='bbox 579 3639 721 3736; x_wconf 91' lang='lat' dir='ltr'>plebem</span> <span class='ocrx_word' id='word_1_184' title='bbox 745 3636 935 3712; x_wconf 80' lang='lat' dir='ltr'>defecisset.</span> <span class='ocrx_word' id='word_1_185' title='bbox 985 3642 1112 3738; x_wconf 84' lang='lat' dir='ltr'>Qrum</span> 
     </span>
    </p>
   </div>
   <div class='ocr_carea' id='block_1_7' title="bbox 139 3754 1115 4218">
    <p class='ocr_par' dir='ltr' id='par_1_8' title="bbox 139 3754 1115 4218">
     <span class='ocr_line' id='line_1_26' title="bbox 140 3754 1111 3857; baseline 0.002 -29"><span class='ocrx_word' id='word_1_186' title='bbox 140 3754 209 3832; x_wconf 88' lang='lat' dir='ltr'>dies</span> <span class='ocrx_word' id='word_1_187' title='bbox 228 3756 341 3847; x_wconf 86' lang='lat' dir='ltr'>venit,</span> <span class='ocrx_word' id='word_1_188' title='bbox 364 3784 468 3857; x_wconf 86' lang='lat' dir='ltr'>quae,</span> <span class='ocrx_word' id='word_1_189' title='bbox 495 3779 629 3856; x_wconf 88' lang='lat' dir='ltr'>praeter</span> <span class='ocrx_word' id='word_1_190' title='bbox 652 3778 774 3832; x_wconf 90' lang='lat' dir='ltr'>coetus</span> <span class='ocrx_word' id='word_1_191' title='bbox 797 3755 1039 3831; x_wconf 90' lang='lat' dir='ltr'>multitudinis</span> <span class='ocrx_word' id='word_1_192' title='bbox 1062 3757 1111 3830; x_wconf 90' lang='lat' dir='ltr'>se-</span> 
     </span>
     <span class='ocr_line' id='line_1_27' title="bbox 139 3872 1111 3978; baseline 0.002 -29"><span class='ocrx_word' id='word_1_193' title='bbox 139 3876 344 3978; x_wconf 88' lang='lat' dir='ltr'>ditiosasque</span> <span class='ocrx_word' id='word_1_194' title='bbox 360 3905 477 3967; x_wconf 87' lang='lat' dir='ltr'>voces,</span> <span class='ocrx_word' id='word_1_195' title='bbox 504 3882 539 3953; x_wconf 87' lang='lat'>&amp;</span> <span class='ocrx_word' id='word_1_196' title='bbox 556 3872 833 3977; x_wconf 84' lang='lat' dir='ltr'>largitionem&amp;</span> <span class='ocrx_word' id='word_1_197' title='bbox 855 3876 959 3952; x_wconf 84' lang='lat' dir='ltr'>fallax</span> <span class='ocrx_word' id='word_1_198' title='bbox 984 3876 1111 3953; x_wconf 90' lang='lat' dir='ltr'>indici-</span> 
     </span>
     <span class='ocr_line' id='line_1_28' title="bbox 142 3998 1114 4099; baseline 0.003 -28"><span class='ocrx_word' id='word_1_199' title='bbox 142 4022 212 4087; x_wconf 89' lang='lat' dir='ltr'>um,</span> <span class='ocrx_word' id='word_1_200' title='bbox 240 3998 451 4098; x_wconf 90' lang='lat' dir='ltr'>pertinentia</span> <span class='ocrx_word' id='word_1_201' title='bbox 465 3998 605 4099; x_wconf 89' lang='lat' dir='ltr'>proprie</span> <span class='ocrx_word' id='word_1_202' title='bbox 619 4000 665 4073; x_wconf 87' lang='lat' dir='ltr'>ad</span> <span class='ocrx_word' id='word_1_203' title='bbox 683 3998 782 4099; x_wconf 87' lang='lat' dir='ltr'>regni</span> <span class='ocrx_word' id='word_1_204' title='bbox 800 3998 934 4073; x_wconf 88' lang='lat' dir='ltr'>crimen</span> <span class='ocrx_word' id='word_1_205' title='bbox 950 4000 996 4071; x_wconf 92' lang='lat' dir='ltr'>ab</span> <span class='ocrx_word' id='word_1_206' title='bbox 1009 4024 1114 4074; x_wconf 89' lang='lat' dir='ltr'>accu-</span> 
     </span>
     <span class='ocr_line' id='line_1_29' title="bbox 143 4114 1115 4218; baseline 0.004 -27"><span class='ocrx_word' id='word_1_207' title='bbox 143 4114 303 4197; x_wconf 83' lang='lat' dir='ltr'>satoribus</span> <span class='ocrx_word' id='word_1_208' title='bbox 319 4121 456 4217; x_wconf 72' lang='lat' dir='ltr'>objesla</span> <span class='ocrx_word' id='word_1_209' title='bbox 477 4122 542 4194; x_wconf 88' lang='lat' dir='ltr'>smt</span> <span class='ocrx_word' id='word_1_210' title='bbox 567 4145 640 4208; x_wconf 87' lang='lat' dir='ltr'>reo,</span> <span class='ocrx_word' id='word_1_211' title='bbox 671 4120 768 4218; x_wconf 91' lang='lat' dir='ltr'>apud</span> <span class='ocrx_word' id='word_1_212' title='bbox 793 4117 973 4195; x_wconf 83' lang='lat' dir='ltr'>nerninem</span> <span class='ocrx_word' id='word_1_213' title='bbox 994 4122 1115 4195; x_wconf 73' lang='lat' dir='ltr'>austo-</span> 
     </span>
    </p>
   </div>
   <div class='ocr_carea' id='block_1_8' title="bbox 0 0 1540 5342">
    <p class='ocr_par' dir='ltr' id='par_1_9' title="bbox 0 0 1540 5342">
     <span class='ocr_line' id='line_1_30' title="bbox 0 0 1540 5342; baseline 0 0"><span class='ocrx_word' id='word_1_214' title='bbox 0 0 1540 5342; x_wconf 95' lang='lat' dir='ltr'> </span> 
     </span>
    </p>
   </div>
  </div>
 </body>
</html>
