3067 5342
387 725 458 776 210
720 701 1035 774 T.L1v11

389 870 579 970 Tarquinii
597 871 781 968 provincia
794 891 968 958 evenerat,
985 869 1173 968 cognitum
1187 865 1249 952 est,
1264 868 1372 964 depo-

390 991 554 1088 pulatum
577 1017 704 1090 agrum
731 991 826 1066 circa
848 994 1030 1066 Romanas
1048 987 1183 1076 salinas,
1209 987 1373 1084 praedae·

390 1135 463 1206 que
492 1133 629 1208 partem
651 1109 689 1184 in
717 1109 900 1186 Caeritum
917 1112 1003 1184 fines
1023 1111 1195 1194 avectam,
1224 1109 1258 1178 ἃ
1277 1106 1375 1180 haud
1521 1103 1523 1168 l

392 1228 504 1303 dubie
525 1229 755 1325 juvenmtem
782 1229 855 1325 ejus
882 1228 1008 1327 populi
1036 1227 1127 1302 inter
1151 1226 1373 1323 praedatores

392 1347 505 1422 suiffe.
556 1351 681 1446 Itaque
709 1347 893 1423 Valerium
922 1347 1117 1434 consulem,
1151 1345 1287 1420 Volscis
1310 1349 1374 1418 ob·
1521 1448 1522 1456 ἵ

390 1471 557 1564 pontum,
586 1469 765 1568 castraque
783 1470 828 1542 ad
848 1471 957 1542 finem
978 1466 1225 1542 Tusculanum
1243 1467 1374 1540 baben·
1521 1475 1522 1480 ’

393 1609 480 1674 tem,
513 1611 719 1662 revocatum
747 1587 832 1663 inde
855 1588 991 1663 senatus
1016 1585 1226 1661 diclatorem
1259 1583 1376 1658 dicere

383 1707 495 1804 'juffit
550 1709 598 1780 T.
616 1707 800 1782 Manlium
826 1711 873 1782 L.
891 1707 1008 1782 filium
1032 1705 1136 1780 dixit.
1187 1709 1234 1793 Is,
1258 1729 1376 1802 quum
1523 1781 1524 1804 χ

393 1825 456 1900 fibi
483 1825 691 1924 magistrum
724 1827 891 1926 equitum
918 1832 965 1902 A.
989 1825 1199 1904 Cornelium
1230 1827 1376 1900 Coffum

395 1945 549 2035 dixiffet,
576 1945 749 2024 consulari
762 1946 918 2024 exercitu
937 1966 1138 2034 contentus,
1161 1971 1207 2022 ex
1225 1941 1376 2019 auctori·
1523 1977 1524 2012 t

392 2086 464 2140 tate
481 2069 628 2143 Patrum
646 2093 687 2144 ac
703 2066 828 2165 populi
844 2066 940 2162 juffu
958 2065 1157 2142 Caeritibus
1172 2065 1307 2142 bellum
1322 2062 1376 2139 in-

394 2185 499 2264 dixit.

442 2307 529 2382 XX.
554 2307 655 2379 Tum
678 2303 835 2402 primum
855 2304 1021 2395 Caerites,
1044 2327 1228 2403 tamquam
1245 2303 1284 2378 in
1299 2329 1374 2379 vet-

393 2423 448 2500 bis
470 2422 627 2499 hostium
652 2423 711 2497 vis·
727 2427 837 2521 major
855 2428 902 2502 ad
927 2429 1063 2502 bellum
1085 2424 1370 2524 significandum,

394 2569 506 2640 quarn
523 2541 561 2616 in
576 2541 647 2617 suis
665 2541 780 2631 fadis,
798 2541 864 2642 qui
882 2570 944 2642 per
957 2544 1226 2643 populationem
1240 2547 1375 2618 Roma·

397 2688 460 2739 nos
472 2663 695 2750 laceffierant,
712 2664 808 2750 effer,
825 2689 927 2739 verus
941 2664 1025 2739 belli
1042 2687 1149 2740 terror
1162 2663 1305 2741 invafit:
1325 2667 1371 2751 δι,

395 2805 505 2880 quam
516 2807 597 2882 ¹non
614 2780 755 2856 suarum
768 2781 900 2864 virium
916 2811 957 2860 ea
974 2783 1158 2860 dimicatio
1175 2784 1270 2871 effer,
1301 2809 1375 2858 cer·

396 2905 539 2976 nebant.
589 2901 870 3001 Poenitebatque
889 2902 1143 3002 populationis,
1171 2903 1375 3001 &Tarqui-
1524 2937 1525 2940 ¹

387 3020 533 3096 ‚nienses
555 3019 822 3096 exsecrabantur
848 3022 1056 3098 defedionis
1077 3025 1247 3099 aucloros.
1298 3025 1376 3097 Nec

397 3167 508 3228 arma,
536 3161 598 3216 aut
614 3142 751 3216 bellurn
771 3140 959 3240 quisquam
976 3144 1154 3241 adparere,
1184 3141 1244 3217 sed
1260 3140 1374 3241 prose

397 3258 547 3359 quisque
560 3262 692 3358 legatos
709 3258 805 3335 mitti
814 3261 965 3356 jubebat
981 3263 1027 3336 ad
1043 3263 1234 3360 petendam
1251 3260 1374 3342 erroris

395 3379 548 3454 veniam.
597 3377 726 3478 Legati
746 3378 904 3455 senatum
925 3406 1043 3479 quum
1068 3380 1229 3470 adluens,
1256 3384 1303 3457 ab
1327 3380 1376 3456 se-

396 3519 481 3574 natu
506 3497 623 3593 rejecti
642 3499 688 3580 ad
705 3501 896 3598 populum,
915 3503 1012 3576 Deos
1031 3521 1255 3601 rogaverunt,
1286 3527 1378 3600 quo7

397 3641 478 3691 rum
502 3614 596 3690 sacra
612 3619 708 3692 bello
725 3617 867 3692 Gallico
882 3641 1028 3718 accepta
1043 3619 1107 3694 rite
1124 3622 1376 3720 procuraffent,

394 3757 438 3809 ut
459 3737 643 3810 Romanos
659 3737 822 3811 florentes
839 3737 947 3812 casui
968 3737 1206 3816 misericordia
1222 3761 1374 3840 caperet,

395 3880 487 3954 quae
511 3854 545 3930 se
566 3859 671 3931 rebus
693 3855 840 3932 adfeclis
862 3859 1046 3955 quondam
1064 3859 1190 3957 populi
1213 3860 1375 3934 Romani

396 3975 555 4073 cepiffet3
573 3977 798 4073 converfique
812 3978 859 4050 ad
872 3977 1021 4052 delubra
1030 3979 1166 4068 Vestae,
1181 3977 1378 4076 hospitium

395 4093 583 4182 flaminum
610 4094 878 4194 Vestaliumque
904 4101 949 4174 ab
976 4095 1009 4178 se
1033 4097 1124 4174 caste
1149 4125 1190 4174 ac
1218 4096 1376 4198 religiose
