3067 5342
364 757 412 828 34
697 733 1012 807 T.L1v11

367 917 391 948 “
412 909 508 993 bern,
544 933 589 980 ex
619 933 660 978 ea
689 905 756 981 tibi
789 907 857 996 his,
891 935 983 1006 quae
1006 933 1103 982 nunc
1128 909 1350 1005 panduntur,

368 1039 392 1069 “
413 1026 491 1102 satis
508 1026 692 1100 victoriam
716 1030 847 1101 datam.
898 1029 997 1102 Bello
1013 1027 1182 1126 persest0,
1209 1029 1351 1104 donum

368 1159 393 1190 “
412 1149 572 1246 amplum
590 1146 702 1220 victor
723 1150 770 1221 ad
793 1174 873 1222 mea
901 1149 1034 1247 templa
1059 1170 1214 1246 portato:
1241 1147 1352 1226 sacra-

369 1279 392 1310 “
413 1293 483 1364 que
501 1265 623 1365 patria,
652 1291 808 1365 quorum
824 1266 947 1342 omissa
963 1295 1048 1342 cura
1060 1269 1123 1356 est,
1150 1268 1353 1359 instaurata,

370 1401 395 1434 “
414 1412 454 1464 ut
472 1388 615 1477 adsolet,
642 1387 784 1462 sacit0.''

420 1513 538 1585 XVII.
572 1513 701 1609 Ingens
716 1507 801 1582 inde
818 1509 938 1584 baberi
956 1507 1117 1607 captivus
1135 1533 1231 1587 vates
1246 1539 1354 1610 coep-

370 1655 439 1719 tus,
467 1657 624 1728 eumque
651 1629 820 1706 adhibere
840 1628 975 1705 tribuni
992 1629 1151 1705 militum
1166 1631 1355 1706 Cornelius

267 1827 272 1837 x
370 1750 643 1849 Postumiusque
672 1751 718 1824 ad
744 1749 900 1849 prodigii
918 1750 1051 1824 Albani
1068 1751 1355 1850 procurationem

372 1901 412 1948 ac
432 1877 528 1948 Deos
561 1873 626 1946 rite
654 1873 847 1970 placandos
874 1897 1033 1970 coepere.
1089 1873 1355 1970 inventumque

371 1995 515 2067 tandem
546 1993 608 2080 est,
633 1992 698 2066 ubi
726 1993 902 2090 neglectas
935 1991 1151 2066 ceremonias
1181 1991 1356 2066 intermis-

372 2113 491 2186 sumve
523 2113 688 2187 sollemne
722 2111 787 2186 Dii
817 2133 1026 2211 arguerent3
1073 2111 1163 2186 nihil
1197 2111 1357 2210 profesto

372 2231 469 2306 aliud
497 2237 576 2320 else,
607 2258 717 2331 quam
734 2231 969 2330 magistratus,
996 2231 1086 2306 vitio
1103 2254 1251 2320 creatos,
1282 2236 1357 2307 La-

374 2353 463 2426 tinas
480 2351 688 2450 sacrumque
712 2351 750 2425 in
768 2355 913 2427 Albano
940 2375 1062 2426 monte
1088 2379 1162 2428 non
1188 2352 1253 2427 rite
1269 2379 1356 2428 con·

374 2473 511 2572 cepisse.
578 2475 702 2547 Unam
734 2471 976 2569 expiationem
1025 2497 1151 2546 eorum
1187 2475 1268 2561 effe,
1314 2494 1359 2547 ut

375 2593 509 2669 tribuni
527 2591 684 2667 militum
711 2593 917 2668 abdicarent
933 2592 967 2667 se
990 2593 1209 2694 magistratu,
1239 2592 1356 2691 auspi·

375 2715 429 2788 cia
443 2718 488 2789 de
506 2714 644 2812 integro
660 2733 912 2811 repeterentur,
937 2717 971 2788 ὅτ
989 2712 1233 2813 interregnum
1250 2712 1357 2790 inire·
1393 2764 1396 2773 ι

375 2857 442 2908 tur.
495 2837 548 2909 Ea
573 2835 621 2910 ita
648 2832 841 2909 factasunt
866 2859 912 2906 ex
938 2831 1248 2916 senatusconsulto.
1298 2835 1359 2908 In-

375 2977 524 3055 terreges
554 2977 621 3029 tres
655 2953 824 3051 deinceps
856 2953 968 3042 suere,
1012 2957 1059 3028 L.
1091 2953 1265 3041 Valerius,
1307 2959 1364 3056 Q

375 3076 541 3150 Servilius
572 3075 737 3164 Fidenas,
771 3077 830 3149 Μ.
855 3073 985 3150 Furius
1002 3072 1186 3150 Camillus.
1237 3077 1359 3149 Num·

375 3222 484 3294 quam
510 3199 659 3272 desitum
683 3195 826 3272 interim
843 3195 990 3282 turbari,
1021 3195 1169 3269 comitia
1192 3194 1359 3295 interpel-

376 3317 530 3391 lantibus
548 3315 700 3390 tribunis
717 3315 845 3414 plebis,
872 3318 987 3391 donec
1016 3315 1232 3390 convenisset
1244 3316 1359 3416 prius,

376 3448 401 3479 “
421 3457 462 3508 ut
488 3435 598 3530 major
627 3461 705 3533 pars
735 3435 962 3510 tribunorum
994 3435 1154 3510 militum
1179 3461 1224 3510 ex
1253 3438 1360 3534 plebe

376 3567 401 3598 “
422 3557 629 3629 crearetur.”
678 3561 782 3657 Qtae
809 3557 899 3630 dum
925 3578 1093 3655 aguntur,
1126 3555 1279 3634 coucilia
1310 3559 1360 3631 E-

376 3672 503 3750 truriae
530 3678 575 3749 ad
603 3675 727 3752 sanum
752 3677 968 3754 Voltumnae
985 3675 1119 3766 habita,
1151 3677 1361 3775 postulanti-

376 3797 513 3896 busque
535 3797 783 3904 ·Capenatibus
809 3823 851 3872 ac
876 3795 1032 3886 Faliscis,
1064 3820 1108 3872 ut
1127 3799 1233 3894 Vejos
1260 3827 1360 3875 com-

376 3919 478 3992 muni
509 3918 630 3992 animo
655 3915 872 4017 confilioque
900 3945 1024 3994 omnes
1051 3919 1214 3994 Etruriae
1231 3919 1359 4017 populi

377 4067 421 4113 ex
450 4039 631 4113 obsidione
657 4038 845 4136 eriperent,
872 4037 1077 4137 responsum
1103 4040 1171 4119 est:
1208 4051 1361 4115 “antea

378 4173 403 4204 “
421 4159 453 4236 se
469 4159 506 4240 id
525 4157 733 4262 Vejentibus
750 4161 901 4260 negasse,
928 4159 1027 4257 quia,
1053 4161 1152 4237 unde
1171 4160 1360 4236 confilium
