3067 5342
475 722 824 796 LtnanVl.
1073 746 1138 820 133

156 919 250 983 teus,
284 894 331 969 ad
353 893 573 994 Capitolium
588 922 713 970 manus
730 897 892 984 tendens,
922 897 967 969 ab
983 894 1138 969 homini-

154 1017 224 1089 bus
246 1016 293 1088 ad
310 1018 407 1091 Deos
433 1044 551 1116 preces
570 1017 761 1105 avertissem
796 1015 959 1115 adparuit
974 1016 1138 1105 tribunis,

151 1133 219 1208 nist
243 1136 364 1209 oculos
387 1163 534 1235 quoque
557 1138 746 1211 hominum
770 1135 966 1211 liberaffent
984 1141 1029 1212 ab
1050 1136 1137 1211 tanti

151 1255 327 1329 memoria
343 1255 492 1345 decoris,
516 1284 715 1356 numquam
731 1256 805 1330 fore
819 1256 857 1331 in
874 1256 1138 1356 praeoccupatis

149 1375 331 1450 beneficio
344 1375 472 1452 animis
489 1403 572 1452 vero
590 1377 732 1452 crimini
749 1379 882 1451 locum.
932 1380 985 1450 Ita
996 1375 1137 1474 prodic-

149 1518 189 1569 ta
208 1494 282 1584 die,
308 1495 347 1570 in
374 1496 600 1571 Poetelinum
626 1500 751 1572 lucum
775 1520 871 1572 extra
893 1518 1030 1595 portam
1058 1500 1136 1570 No-

149 1638 371 1703 mentanam,
402 1619 501 1690 unde
526 1615 730 1715 conspectus
756 1617 795 1690 in
819 1616 1039 1715 Capitolium
1063 1642 1135 1690 non

150 1738 249 1825 effet,
271 1735 468 1811 concilium
484 1736 608 1835 populi
623 1736 800 1812 indictum
817 1737 878 1811 est.
927 1735 983 1812 Ibi
1001 1736 1134 1811 crimen

147 1856 277 1945 valuit,
305 1861 339 1930 δι
365 1855 547 1931 obstinatis
561 1856 688 1932 animis
704 1856 798 1931 triste
814 1856 1010 1953 judicium,
1041 1855 1131 1931 invi·

148 1976 304 2075 sumque
330 1974 437 2050 etiam
457 1976 655 2073 judicibus,
681 1976 827 2051 factum.
877 1980 966 2053 Sunt
992 1977 1056 2075 qui
1073 2003 1135 2074 per

147 2096 377 2186 duumviros,
404 2096 470 2195 qui
485 2099 530 2171 de
544 2097 784 2197 perduellione
797 2098 1034 2196 anquirerent,
1060 2125 1132 2173 cre-

148 2237 240 2305 atos,
270 2220 429 2292 auctores
455 2221 519 2291 fint
540 2220 760 2292 damnatum.
811 2216 966 2293 Tribuni
987 2218 1033 2291 de
1052 2216 1133 2291 saxo

147 2337 306 2435 Tarpejo
329 2338 546 2433 dejecerunt:
578 2337 748 2435 locusque
770 2337 869 2412 idem
898 2338 935 2411 in
961 2362 1037 2411 uno
1069 2339 1132 2411 ho-

148 2457 250 2531 mine
277 2460 312 2530 δι
333 2456 484 2531 eximiae
501 2456 631 2555 gloriae
648 2479 923 2531 monumentum
947 2462 1131 2554 &poenae

148 2578 297 2651 ultimae
312 2576 392 2652 fuit.
442 2577 611 2673 Adjetlae
628 2597 770 2651 mortuo
790 2598 893 2651 notae
909 2577 1006 2650 sunt:
1039 2580 1131 2674 pub-

147 2696 219 2771 lica
244 2722 337 2784 una3
362 2699 475 2795 quod,
510 2723 625 2794 quum
654 2699 784 2770 domus
809 2698 881 2793 ejus
908 2695 1036 2783 fuiffet,
1067 2696 1131 2770 ubi

149 2842 248 2890 nunc
263 2818 366 2889 aedes
382 2837 490 2914 atque
506 2814 648 2890 officina
664 2818 835 2890 Monetae
862 2816 924 2904 est,
956 2816 1067 2890 latum
1084 2818 1129 2889 ad

147 2937 327 3035 populum
349 2935 412 3023 est,
443 2962 487 3009 ne
509 2934 591 3033 quis
607 2935 772 3032 patricius
790 2935 828 3011 in
848 2962 925 3011 arce
943 2958 1004 3011 aut
1020 2936 1127 3033 Capi-

149 3056 237 3132 tolio
271 3054 464 3130 habitaret:
504 3054 685 3154 gentilicia
714 3058 838 3143 altera;
883 3057 983 3155 quod
1015 3055 1129 3155 gentis

149 3176 310 3250 Manliae
337 3177 478 3250 decreto
501 3197 647 3250 cautum
663 3176 726 3263 est,
760 3204 805 3249 ne
824 3177 903 3275 quis
921 3176 1050 3251 deinde
1069 3180 1127 3251 M.

148 3295 312 3370 Manlius
340 3316 533 3371 vocaretur.
593 3298 707 3369 Hunc
735 3296 873 3370 exitum
906 3296 1031 3371 habuit
1059 3296 1127 3386 vir,

147 3415 211 3489 nist
245 3416 283 3488 in
310 3415 418 3490 libera
441 3414 584 3490 civitate
611 3435 713 3488 natus
740 3418 834 3504 effet,
879 3418 1128 3493 memorabilis.

148 3538 330 3634 Populum
347 3535 459 3622 brevi,
492 3534 679 3633 postquam
706 3532 905 3632 periculum
927 3540 972 3612 ab
990 3565 1032 3612 eo
1049 3541 1128 3613 nul-

148 3656 225 3729 lum
247 3676 332 3743 etat,
362 3653 471 3753 perse
489 3653 575 3753 ipsas
592 3654 833 3728 recordantem
849 3654 1010 3745 virtutes,
1041 3658 1126 3731 defi-

151 3774 291 3849 derium
307 3776 380 3871 ejus
404 3773 530 3848 tenuit.
580 3772 783 3846 Pestilentia
802 3773 908 3848 etiam
929 3776 1025 3851 brevi
1042 3805 1126 3853 con-

150 3894 277 3983 secuta,
307 3894 414 3968 nullis
434 3891 704 3969 obcurrentibus
726 3913 841 3966 tantae
858 3894 968 3969 cladis
991 3902 1126 3986 cauffis,

151 4040 194 4089 ex
211 4014 398 4089 Manliano
417 4011 592 4111 supplicio
612 4038 761 4109 magnae
786 4011 873 4110 parti
896 4012 1009 4089 videri
1037 4038 1127 4093 otta:

151 4134 321 4210 violatum
363 4132 582 4234 Capitolium
623 4136 690 4207 effe
731 4131 900 4231 sanguine
942 4133 1129 4214 servatoris.
