3067 5342
457 751 787 832 LtnanV.
1079 779 1121 854 51

134 931 321 1008 “scelesto
348 955 493 1007 munere
519 933 655 1008 venisti.
705 932 931 1007 Nobiscum
959 929 1114 1018 Faliscis,

133 1063 157 1097 ‘⁴
176 1079 269 1154 quae
286 1055 390 1151 pasto
406 1054 447 1125 fit
463 1054 634 1141 humano,
655 1051 800 1126 societas
817 1049 966 1125 nonest.
990 1055 1113 1150 Qtam

132 1182 157 1215 “
176 1171 397 1270 ingeneravit
414 1195 549 1259 natura,
576 1170 732 1270 utrisque
746 1172 809 1259 est,
839 1171 986 1269 eritque.
1021 1174 1113 1244 Sunt

133 1303 158 1336 “
177 1297 213 1366 dt
245 1291 341 1379 belli,
372 1295 459 1366 srcut
492 1291 600 1390 pacis,
627 1293 725 1388 jura:
762 1291 928 1387 justeque
955 1316 1008 1377 ea,
1039 1316 1113 1362 non

134 1423 158 1456 “
178 1412 299 1486 minus
328 1435 438 1510 quam
461 1411 608 1498 sortiter,
642 1411 837 1485 didicimus
864 1436 993 1508 gerere.
1044 1414 1112 1510 Ar7

133 1542 238 1604 “ma
260 1533 445 1618 habemus,
480 1557 551 1604 non
574 1530 736 1605 adversus
766 1557 844 1604 eam
861 1552 1023 1618 aetatem,
1053 1527 1113 1603 cui

134 1663 160 1695 “
179 1651 286 1725 etiam
311 1650 422 1749 captis
438 1651 587 1725 urbibus
603 1650 774 1749 parcitur:
800 1649 862 1724 sed
882 1647 1045 1722 adversus
1060 1671 1112 1722 ar-

134 1783 158 1814 “
177 1794 303 1859 matos,
335 1769 489 1868 scipsos,
524 1770 601 1868 qui,
633 1797 699 1846 nec
719 1772 810 1858 laesi,
840 1796 905 1844 nec
931 1768 1071 1844 lacessiti
1092 1795 1114 1842 a

135 1902 160 1934 “
180 1890 297 1979 nobis,
324 1890 432 1966 castra
457 1893 622 1964 Romana
652 1892 697 1963 ad
715 1891 821 1986 Vejos
846 1892 1117 1989 obpugnarunt.'

133 2013 252 2084 “Eos
275 2033 329 2099 tu,
364 2009 600 2107 quantumin
628 2032 662 2083 te
685 2009 766 2097 suit,
796 2037 890 2086 novo
912 2008 1037 2084 scelere
1059 2006 1112 2081 vi-

134 2141 159 2174 “
180 2130 277 2204 cisti:
322 2157 390 2229 ego
423 2129 597 2204 Romanis
631 2129 777 2218 artibus,
818 2130 961 2218 virtute,
994 2154 1112 2228 opere,

135 2261 160 2294 “
179 2249 298 2338 armis,
349 2254 436 2324 ficut
468 2251 587 2345 Vejos‚
635 2249 813 2324 vincam.''
878 2251 1113 2325 Denudatom

135 2367 266 2444 deinde
283 2396 382 2456 eum,
411 2370 576 2444 manibus
602 2369 679 2467 post
699 2391 838 2468 tergum
864 2370 1030 2469 inligatis,
1060 2396 1112 2444 re-

135 2490 344 2564 ducendum
361 2487 513 2562 Falerios
530 2489 647 2586 pueris
661 2488 822 2563 tradidit:
852 2489 1036 2587 virgasque
1050 2487 1113 2576 eis,

136 2609 271 2707 quibus
288 2608 506 2707 proditorem
523 2631 666 2708 agerent
683 2607 720 2682 in
739 2611 866 2684 urbem
879 2612 1113 2695 verberantes,

135 2727 246 2804 dedit.
307 2730 369 2803 Ad
398 2730 499 2827 quod
526 2727 765 2826 spedaculum
790 2729 961 2804 concursu
989 2727 1114 2826 populi

135 2849 293 2948 primum
317 2848 423 2936 fasto,
458 2848 626 2923 deindea
649 2848 908 2949 magistratibus
925 2851 971 2922 de
988 2874 1024 2921 re
1050 2874 1114 2920 no-

135 2995 179 3042 va
194 2990 322 3043 vocato
338 2967 471 3056 senatu,
502 2990 598 3043 tanta
619 2967 771 3042 mutatio
796 2967 924 3042 animis
941 2969 990 3042 est
1006 2968 1113 3063 injec-

65 3105 69 3114 '
133 3109 183 3176 ta,
217 3109 272 3176 ut,
303 3088 366 3187 qui
394 3089 518 3176 modo,
544 3087 675 3163 efferati
703 3089 790 3162 odio
816 3088 951 3187 iraque,
987 3089 1113 3184 Vejen-

135 3207 228 3282 tium
256 3207 395 3282 exitum
425 3235 529 3306 pene,
570 3234 679 3307 quam
709 3209 945 3306 Capenatium
974 3234 1113 3305 pacem,

134 3329 292 3414 mallent,
322 3329 418 3424 apud
435 3354 494 3402 eos
524 3353 649 3427 pacem
672 3329 832 3402 universa
853 3328 1009 3426 posceret
1025 3326 1112 3401 civi-

135 3469 195 3522 tas.
247 3447 354 3520 Fides
369 3450 546 3536 Romana‚
563 3447 699 3545 justitia
721 3448 952 3545 imperatoris,
981 3449 1020 3522 in
1037 3449 1114 3523 soro

136 3571 167 3641 ἃ
188 3565 288 3642 curia
303 3568 537 3640 celebrantur:
566 3567 808 3678 consensuque
824 3567 989 3642 omnium
1006 3561 1112 3669 legati

135 3689 178 3760 ad
193 3685 392 3761 Camillum
418 3685 456 3759 in
472 3686 591 3774 castra,
621 3708 727 3786 atque
750 3686 835 3760 inde
858 3688 1022 3785 permissu
1047 3690 1114 3763 Ca-

136 3805 225 3880 milli
243 3807 403 3878 Romam
419 3807 465 3878 ad
479 3804 650 3894 senatum,
680 3807 744 3904 qui
761 3809 932 3881 dederent
946 3807 1113 3894 Falerios,

138 3923 417 4022 proficiscuntur.
467 3925 665 3999 Introdusli
682 3928 728 4000 ad
748 3923 908 4000 senatum
935 3926 984 4001 ita
1001 3927 1114 4001 locuti

137 4047 339 4120 tradunturt
369 4055 394 4087 “
415 4047 533 4119 Patres
552 4044 754 4144 conscripti,
785 4045 944 4135 ristona,
970 4045 1029 4121 cui
1047 4073 1113 4122 nec

140 4177 161 4210 ‘⁴
181 4169 296 4254 Deus,
327 4191 392 4240 nec
417 4167 527 4238 homo
560 4163 750 4264 quisquam
782 4165 952 4255 invideat,
986 4165 1114 4240 vidia
