3067 5342
476 722 706 797 Lrunn
758 723 857 797 VIII.
934 833 940 845 ι
1103 745 1174 820 295

195 923 269 995 qua
284 895 467 984 Veliterni,
492 896 674 973 habitaret
723 896 798 972 His
813 896 863 972 ita
877 894 1039 986 decretis,
1062 893 1176 995 usque

193 1019 238 1090 ad
253 1014 475 1114 triumphurn
493 1016 623 1091 Plautii
638 1016 813 1091 filentium
843 1017 889 1090 de
911 1015 1175 1095 Privernatibus

189 1137 275 1211 fuit:
326 1137 405 1235 post
431 1136 654 1237 triumphum
679 1135 814 1225 consul,
852 1157 976 1211 necato
1008 1135 1175 1209 Vitruvio

193 1254 364 1354 sociisque
382 1257 455 1352 ejus
472 1283 598 1346 noxae,
624 1259 721 1354 apud
734 1255 872 1332 satiatos
887 1256 963 1352 jam
992 1253 1174 1354 suppliciis

191 1375 399 1452 nocentium
419 1397 531 1451 tutam
544 1377 763 1452 mentionem
781 1379 826 1451 de
843 1376 1106 1453 Privernatibus
1121 1403 1173 1450 ra-

192 1519 269 1586 tus,
309 1508 334 1540 “
356 1495 541 1600 Qroniam
567 1500 724 1572 auctores
753 1495 998 1585 defeetionis,’'
1038 1495 1171 1596 inquit,

190 1629 216 1662 “
233 1614 374 1692 meritas
402 1623 591 1715 poenas&
625 1621 670 1693 ab
704 1617 785 1693 Diis
807 1615 1112 1693 inmortalibus&
1152 1643 1175 1690 a

190 1749 216 1784 ‘⁶
234 1738 336 1814 vobis
354 1740 498 1825 habent,
524 1739 642 1812 Patres
659 1737 860 1836 conscripti,
886 1737 979 1836 quid
994 1739 1110 1836 placet
1126 1738 1174 1812 de

192 1858 384 1934 “innoxia
430 1857 661 1933 multitudine
709 1858 812 1932 fieri?
875 1856 1073 1956 Equidem,
1114 1859 1175 1932 etfi

192 1991 218 2024 “
237 2007 335 2054 meae
377 1999 490 2076 partes
536 1979 776 2078 exquirendae
816 1978 929 2078 magis
969 1976 1173 2066 sententiae,

191 2112 217 2145 “
236 2125 345 2200 quam
378 2101 517 2174 dandae
549 2099 629 2174 sunt
636 2133 647 2188 ,·
689 2121 821 2187 tamen,
860 2124 976 2197 quum
1016 2097 1172 2187 videam,

189 2231 214 2265 “
231 2221 447 2297 Privernates
461 2221 597 2296 vicinos
608 2219 825 2296 Samnitibus
842 2221 922 2309 effe,
949 2221 1048 2294 unde
1080 2238 1175 2294 nunt

191 2351 216 2384 “
235 2340 338 2417 nobis
359 2342 579 2418 incertissima
591 2367 661 2440 pax
676 2339 742 2427 est3
769 2366 878 2438 quam
895 2339 1090 2414 minimum
1106 2340 1173 2418 ira·

190 2472 216 2504 “
235 2487 313 2536 rurn
329 2462 419 2536 inter
434 2488 497 2536 nos
515 2459 661 2558 illosque
678 2458 831 2558 relinqui
847 2450 990 2534 veliin.”

239 2584 342 2657 XXI.
367 2589 495 2685 Qum
512 2580 584 2682 ipsa
599 2607 661 2679 per
675 2580 708 2654 se
725 2606 778 2654 res
794 2606 922 2678 anceps
938 2582 1033 2669 effet,
1067 2600 1175 2677 prout

190 2702 360 2800 cujusque
380 2701 565 2801 ingenium
578 2721 663 2790 erat,
678 2699 830 2776 atrocius
847 2699 1011 2775 mitiusve
1024 2698 1172 2772 suaden-

190 2820 303 2910 tibus,
335 2843 414 2896 rum
431 2820 617 2896 incertiora
633 2819 753 2894 omnia
767 2845 862 2894 unus
888 2845 934 2894 ex
963 2817 1172 2894 Privernati-

190 2945 257 3017 bus
273 2940 396 3042 legatis
412 2939 510 3028 fecit,
528 2939 640 3039 magis
654 2939 883 3028 conditionis,
910 2939 949 3013 in
982 2965 1054 3037 qua
1070 2959 1171 3013 natus

189 3063 285 3149 effet,
314 3085 423 3161 quam
455 3058 641 3158 praesentis
667 3060 884 3146 neceffitatis,
911 3084 1065 3133 memor:
1093 3057 1172 3156 qui,

189 3181 455 3281 interrogatusa
471 3179 629 3279 quodam
644 3177 802 3254 tristioris
816 3178 1003 3254 sententiae
1016 3179 1171 3264 audore,

190 3312 216 3345 ‘⁴
234 3325 344 3400 quam
387 3322 540 3399 poenam
571 3297 715 3374 meritos
745 3299 962 3374 Privernates
994 3295 1170 3372 censeret?

189 3431 216 3465 “
233 3423 348 3509 eam,”
370 3418 502 3520 inquit,
531 3429 684 3519 “quam
701 3439 893 3506 merentur,
924 3416 988 3516 qui
1014 3415 1048 3491 se
1067 3415 1171 3491 liber·

190 3553 215 3586 “
234 3561 303 3616 tate
328 3540 457 3640 dignos
482 3538 657 3616 censent.”
706 3539 818 3635 Cujus
843 3563 959 3636 quum
983 3534 1093 3611 feroci
1118 3561 1170 3609 te·

187 3658 312 3758 sponso
338 3659 531 3734 infestiores
557 3658 666 3734 saeros
692 3656 828 3732 videret
853 3655 975 3733 consul
1007 3681 1081 3743 eos,
1105 3653 1170 3753 qui

188 3803 269 3855 ante
285 3778 545 3864 Privernatium
560 3780 712 3853 cauffam
730 3777 976 3876 inpugnabant
982 3808 994 3862 ;
1025 3795 1068 3848 ut
1099 3770 1171 3871 ipse

189 3900 345 4000 benigna
359 3897 630 3998 interrogatione
647 3897 769 3972 mitius
785 3893 988 3995 responsum
1015 3892 1169 3980 eliceret,

190 4031 215 4067 “
234 4021 350 4123 Qrid,
377 4021 606 4120 fipoenam,”
625 4017 757 4118 inquit,
782 4026 807 4061 “
824 4012 1038 4090 remittimus
1053 4009 1168 4100 vobis,
1187 4029 1191 4034 ’

190 4143 376 4238 “qualem
402 4167 467 4218 nos
492 4165 618 4242 pacem
643 4135 827 4215 vobiscum
853 4134 1034 4211 habituros
1059 4131 1170 4232 spere·
