3067 5342
382 625 454 676 200
712 605 1026 681 T.L1v11

382 773 417 844 δι
434 771 609 872 undique,
635 796 679 850 ut
691 780 831 876 fignum
847 779 958 866 daret,
992 795 1033 850 ut
1046 801 1174 875 capere
1191 799 1283 848 arma
1299 773 1351 870 ju·

382 895 491 982 beret,
517 896 726 970 clamabant.

435 1013 536 1086 XIV.
563 1013 739 1104 Dictator,
783 1042 1003 1116 quamquam
1032 1042 1110 1092 rem
1142 1017 1272 1089 bonam
1300 1035 1354 1084 ex·

381 1133 500 1230 emplo
533 1135 631 1208 haud
663 1135 840 1233 probabili
878 1141 992 1212 actam
1026 1139 1208 1222 cernebat,
1245 1153 1355 1206 tamen

381 1249 570 1342 facturum,
592 1256 693 1352 quod
714 1255 845 1334 milites
864 1259 1007 1345 vellent,
1033 1255 1067 1330 se
1091 1254 1249 1352 recepit3
1273 1251 1354 1325 Tul·

380 1370 544 1470 liumque
568 1371 711 1462 secreto,
746 1400 921 1475 quaenam
938 1379 1026 1452 haec
1048 1377 1175 1462 tersit,
1207 1392 1268 1448 aut
1289 1393 1355 1468 quo

381 1493 458 1568 aeta
482 1518 593 1581 more,
619 1497 879 1591 percunctatur.
930 1494 1073 1570 Tullius
1101 1515 1317 1592 magnopere
1339 1513 1357 1560 a

381 1610 551 1688 didatore
567 1632 698 1709 petere,
726 1625 751 1658 “
771 1613 862 1688 nese
878 1614 1032 1690 oblitum
1046 1612 1256 1713 disciplinae
1273 1606 1356 1682 mili-

383 1740 410 1775 “
428 1730 522 1820 tatis,
570 1759 615 1808 ne
648 1732 713 1820 sui,
762 1761 850 1809 neve
884 1733 1130 1832 imperatoriae
1165 1725 1356 1827 majestatis,

384 1861 410 1895 ‘⁴
428 1854 604 1928 crederet:
632 1853 858 1929 multitudini
886 1853 1097 1944 concitatae,
1134 1879 1229 1953 quae
1257 1849 1356 1925 ferme

383 1982 411 2016 “
427 1970 630 2048 auderibus
659 1973 778 2048 similis
806 1977 900 2062 elset,
927 1999 1000 2048 nou
1016 1972 1224 2049 subtraxilse
1247 1970 1280 2045 se
1297 1969 1356 2041 du·

384 2102 409 2137 “
428 2119 508 2167 cem
514 2125 527 2181 3
558 2119 603 2167 ne
620 2093 702 2190 quis
715 2092 816 2183 alius,
846 2095 965 2193 quales
986 2113 1084 2168 mota
1109 2118 1228 2170 creare
1246 2085 1358 2166 multi·

385 2223 411 2257 “
429 2213 518 2287 tudo
541 2210 676 2302 soleret,
707 2213 889 2288 exsisteret.
938 2217 1036 2300 Nam
1055 2213 1260 2315 sequidem
1276 2205 1357 2284 nihil

385 2342 411 2376 “
430 2357 503 2405 non
523 2329 667 2410 arbitrio
685 2330 903 2430 imperatoris
919 2338 1092 2412 adturum.
1145 2334 1204 2410 Illi
1220 2351 1358 2432 quoque

386 2461 412 2496 “
430 2471 548 2527 tamen
563 2452 763 2527 videndum
778 2479 990 2554 magnopere
1007 2457 1086 2544 else,
1110 2478 1156 2532 ut
1169 2449 1358 2532 exercitum

386 2582 411 2616 “
429 2570 467 2646 in
484 2570 652 2670 potestate
674 2574 828 2649 habetet.
881 2576 1024 2650 Differri
1053 2603 1128 2651 non
1159 2575 1255 2678 polse
1276 2568 1357 2643 adeo

386 2702 412 2736 “
431 2691 625 2767 concitatos
638 2691 787 2768 animos.
837 2693 932 2792 Ipsos
948 2695 1010 2771 fibi
1026 2697 1150 2772 locum
1168 2722 1210 2771 ac
1226 2710 1357 2786 tempus

386 2822 411 2857 “
429 2811 613 2912 pugnandi
631 2809 820 2904 summme,
845 2817 868 2889 fi
891 2817 936 2890 ab
962 2815 1173 2914 imperatore
1204 2837 1276 2889 non
1301 2809 1355 2881 de·

386 2943 411 2978 ‘⁶
429 2935 521 3010 tur.''
570 2935 672 3011 Dum
688 2936 775 3009 haec
792 2935 1000 3034 loquuntur,
1017 2935 1184 3031 jumenta
1193 2933 1280 3009 forte
1290 2921 1356 3027 pas·

385 3052 501 3128 centia
529 3073 627 3128 extra
645 3055 779 3129 vallum
807 3054 911 3130 Gallo
937 3054 1095 3154 abigenti
1125 3057 1204 3130 duo
1236 3045 1357 3126 milites

386 3173 545 3248 Romani
561 3175 780 3248 ademerune
830 3175 872 3247 In
887 3199 946 3248 eos
969 3172 1048 3250 saxa
1064 3177 1260 3272 conjectae
1279 3163 1356 3242 Gal·

385 3291 456 3367 lis:
493 3292 625 3367 deinde
654 3296 699 3367 ab
729 3297 894 3368 Romana
921 3293 1068 3369 statione
1093 3297 1229 3371 clamor
1255 3309 1356 3370 ortus,

385 3439 426 3496 ac
443 3411 650 3510 procursum
671 3411 853 3512 utrimque
876 3413 936 3488 ert
985 3417 1140 3515 Jamque
1162 3413 1263 3491 haud
1284 3430 1357 3508 pro·

387 3533 447 3608 cul
463 3531 560 3628 justo
580 3531 716 3630 proelio
736 3553 916 3622 reserant,
943 3532 981 3608 ni
998 3534 1154 3612 celeriter
1170 3536 1357 3611 diremtum

388 3671 565 3740 certamen
587 3677 649 3750 per
670 3652 894 3730 centuriones
923 3654 1016 3728 effer.
1066 3656 1266 3732 Adfirmata
1290 3671 1357 3724 cer·

387 3794 422 3848 te
439 3799 483 3848 eo
499 3771 578 3856 casu
596 3771 710 3854 Tullii
730 3774 829 3870 apud
843 3773 1052 3849 did'tatorem
1069 3777 1157 3850 fides
1172 3775 1234 3851 est.
1282 3769 1356 3844 Nec

385 3892 576 3990 recipiente
595 3892 671 3989 jam
694 3890 902 3968 dilationem
924 3919 973 3983 re,
1004 3893 1043 3968 in
1069 3895 1248 3993 posterum
1265 3887 1354 3964 diem

383 4012 550 4114 edicitur,
580 4011 656 4112 acie
685 4033 916 4114 pugnaturos.
967 4013 1130 4092 Dictator
1155 4039 1286 4100 tamen,
1316 4021 1355 4078 ut
