3067 5342
334 637 404 732 238
702 631 995 707 T.L1v11

331 819 357 854 “
374 809 487 882 nrnt?
518 809 610 883 Huc
625 826 732 906 atque
750 806 837 884 illuc
853 809 948 908 signa
963 806 1111 894 moveri,
1144 831 1184 880 ac
1204 805 1316 880 modo

332 928 415 1002 “in
431 953 548 1002 unum
571 925 736 1016 conferri,
760 929 872 1004 modo
889 927 996 1003 eduti
1018 926 1158 1002 videtis.
1209 929 1312 1024 Opus

332 1049 527 1146 “quidem
556 1045 685 1145 incipit
711 1073 831 1136 nemo,
864 1074 980 1148 quum
999 1049 1075 1145 jam
1103 1045 1313 1122 circumdati

332 1179 358 1213 ‘⁶
375 1169 468 1242 vallo
493 1167 714 1265 potuerimus
740 1171 819 1243 effe.
869 1171 969 1244 Tum
991 1195 1075 1244 vero
1102 1195 1166 1242 nos
1189 1166 1314 1242 ssmiles

332 1286 523 1362 “istorum
547 1290 665 1376 fimus,
692 1291 716 1362 fi
746 1287 883 1364 diutius
900 1287 960 1364 hic
985 1315 1177 1378 moremur,
1207 1314 1316 1387 quarn

333 1409 613 1482 “commodum
636 1411 686 1482 fit.
745 1409 959 1508 Agitedum,
989 1409 1037 1484 ite
1061 1435 1228 1498 mecum,
1262 1429 1315 1498 ut,

334 1538 361 1572 “
378 1529 468 1602 dum
485 1526 576 1602 lucia
595 1527 733 1627 aliquid
749 1526 913 1627 superest,
939 1529 1071 1628 quibus
1093 1529 1181 1604 locis
1196 1533 1317 1628 praefi-

334 1647 440 1722 “dia
460 1669 607 1748 ponant,
637 1674 711 1747 qua
736 1670 851 1747 pateat
881 1649 966 1724 hinc
999 1647 1127 1738 exitus,
1158 1651 1315 1747 explore-

333 1779 359 1812 “
377 1771 494 1842 mus.''
554 1771 659 1843 Haec
691 1767 813 1844 omnia
837 1768 959 1869 sagulo
988 1770 1120 1870 gregali
1151 1769 1315 1859 emistus,

332 1886 600 1965 centurionibus
616 1887 703 1963 item
718 1889 992 1988 manipularium
1009 1890 1167 1965 militum
1190 1889 1314 1965 habitu

336 2011 467 2099 dunis,
490 2036 536 2084 ne
554 2012 685 2085 ducem
707 2009 894 2084 circumite
911 2010 1025 2086 hostes
1043 2031 1216 2100 notarent,
1244 2035 1319 2110 per-

332 2130 499 2205 lustravit.

385 2253 545 2326 XXXV.
568 2246 710 2348 Vigiliis
723 2247 855 2324 deinde
869 2248 1051 2348 dispositis,
1069 2249 1191 2325 ceteris
1201 2250 1317 2326 omni·

335 2371 403 2445 bus
426 2370 583 2442 tesseram
610 2367 686 2442 dari
700 2370 826 2465 jubet:
858 2380 883 2413 “
901 2369 966 2444 ubi
986 2368 1159 2446 secundae
1175 2369 1318 2470 vigiliae

336 2501 362 2534 “
380 2487 535 2564 buccina
549 2488 675 2562 datum
685 2491 824 2587 signum
837 2489 931 2577 esset,
948 2488 1070 2564 armati
1081 2517 1166 2565 cum
1184 2489 1318 2564 silentio

337 2606 483 2682 “adse
510 2607 773 2682 convenirent.''
822 2613 909 2710 Qro
933 2610 1012 2699 ubi,
1041 2616 1127 2685 ficut
1143 2611 1316 2698 edietum,

335 2749 419 2816 erat,
434 2727 532 2802 taciti
543 2747 796 2816 convenemnt,
811 2738 837 2772 “
852 2730 940 2802 Hoc
950 2730 1138 2819 silentium,
1153 2729 1318 2819 milites,”

336 2846 467 2947 inquit,
496 2857 521 2891 “
539 2847 664 2923 omiffo
677 2846 819 2923 militari
836 2847 995 2937 adsensu,
1013 2850 1051 2923 in
1068 2877 1126 2924 me
1139 2849 1320 2924 audiendo

337 2978 362 3012 “
380 2966 589 3042 serrandum
614 2968 675 3042 osb
734 2967 813 3042 Ubi
836 2966 1042 3044 sententiam
1073 2997 1189 3047 meam
1217 2970 1319 3046 vobis

337 3097 362 3131 “
380 3113 560 3187 peregero,
595 3109 688 3175 tum,
720 3087 852 3186 quibus
885 3089 1010 3163 eadem
1044 3091 1246 3188 placebunt,
1281 3089 1319 3166 in

339 3210 544 3282 “dextram
575 3229 711 3306 partem
744 3206 842 3283 taciti
876 3209 1082 3284 transibitis:
1118 3237 1210 3308 quae
1242 3237 1320 3310 pars

339 3328 493 3422 “major
527 3327 605 3415 erit,
632 3354 675 3402 eo
709 3325 855 3420 stabitur
872 3329 1027 3402 consilio.
1076 3333 1202 3419 Nune,
1229 3357 1321 3430 quae

340 3457 366 3491 ‘⁸
383 3469 503 3520 mente
518 3447 663 3546 agitem,
690 3447 822 3521 audite.
873 3450 960 3522 Non
978 3447 1063 3548 fuga
1076 3452 1223 3539 delatos,
1253 3477 1318 3526 nec

338 3577 364 3612 “
383 3565 507 3641 inertia
521 3565 659 3642 relictos
675 3567 733 3641 hic
747 3593 810 3642 vos
827 3565 1062 3641 circumvenit
1078 3570 1196 3646 bostis.
1239 3571 1319 3645 Vir-

339 3698 365 3733 “
382 3709 458 3762 tute
475 3685 614 3785 cepistis
629 3688 774 3774 locum,
800 3687 930 3762 virtute
943 3685 1042 3776 hinc,
1073 3711 1223 3788 oportet,
1241 3716 1318 3764 eva-

340 3819 366 3852 “
384 3807 485 3882 datis.
535 3804 723 3880 Veniendo
745 3809 818 3882 huc
842 3807 1040 3882 exercitum
1057 3808 1241 3908 egregium
1257 3835 1320 3908 po·

339 3938 364 3972 “
382 3926 458 4027 puli
475 3925 633 4001 Romani
650 3924 824 4014 servastis3
842 3929 1064 4025 erumpendo
1081 3929 1166 4003 hinc
1184 3928 1319 4004 vosmet

340 4059 365 4093 “
383 4045 474 4147 ipsos
490 4045 630 4122 servate.
680 4045 795 4146 Digni
818 4047 910 4139 estis,
940 4049 1003 4146 qui
1029 4051 1134 4148 pauci
1159 4051 1322 4149 pluribus
