3067 5342
481 741 712 817 Ltertt
764 740 846 818 VII.
1079 767 1144 844 195

163 915 308 993 consule
340 942 394 994 res
426 919 521 1020 gesta
544 918 613 996 est.
665 923 713 995 Et
745 917 869 995 consul
901 921 986 994 alter
1012 909 1145 994 Fabius

162 1037 305 1138 proeliis
338 1037 497 1138 primum
530 1041 657 1140 parvis3
704 1041 881 1140 postremo
912 1065 985 1114 una
1018 1039 1144 1140 insigni

160 1183 297 1260 pugna,
331 1185 447 1260 quum
480 1162 595 1237 hostes
621 1161 703 1237 totis
730 1161 845 1236 adorti
879 1160 991 1260 copiis
1023 1164 1144 1250 effent,

159 1277 344 1354 Hernicos
356 1279 525 1356 devincit.
575 1281 749 1371 Distator,
777 1281 979 1358 consulibus
995 1282 1031 1356 in
1049 1280 1143 1357 sena-

159 1419 204 1474 tu
230 1401 391 1499 &apud
420 1405 595 1501 populum
625 1403 814 1503 magnifice
843 1401 1075 1491 conlaudatiS,
1109 1406 1144 1476 ἃ

159 1518 305 1594 suarum
319 1545 467 1619 quoque
480 1548 598 1596 rerum
614 1523 683 1597 illis
699 1523 838 1597 temiffo
855 1526 1002 1609 honore,
1034 1521 1144 1596 dicta·

158 1637 489 1716 mraseabdicavit.
539 1643 716 1718 Poetelius
730 1647 776 1718 de
790 1644 902 1718 Gallis
915 1640 1144 1718 Tiburtibus·
1199 1695 1206 1710 .

157 1783 236 1860 que
257 1759 447 1860 geminum
471 1760 695 1859 triumphurn
724 1763 810 1862 egit.
860 1762 973 1838 Fabio
997 1747 1075 1837 setis
1091 1762 1143 1838 vi·

156 1879 256 1970 sum,
282 1903 325 1956 ut
350 1905 458 1956 orans
490 1885 618 1957 urbem
647 1882 762 1957 iniret.
812 1882 969 1957 Inridere
994 1883 1143 1958 Poetelii

156 1999 391 2100 triumphum
418 2001 605 2078 Tiburtest
634 2014 659 2046 “
686 2003 763 2078 Ubi
787 2003 884 2077 enim
914 2017 997 2076 'eum
1024 2002 1144 2078 secum

158 2130 185 2166 “
209 2119 284 2196 acie
301 2119 519 2197 conflixifl'e?
547 2123 752 2220 speciatores
766 2148 898 2219 paucos
915 2122 1020 2222 fugae
1039 2123 1144 2223 trepi-

157 2251 183 2288 “
207 2241 432 2340 dationisque
462 2245 662 2330 Gallorum,
710 2265 808 2316 extra
835 2263 951 2339 portas
982 2246 1143 2342 egreffos,

156 2361 182 2407 “
207 2363 398 2460 postquam
425 2362 463 2436 in
485 2362 518 2436 se
535 2361 777 2462 quoqueficri
801 2363 964 2460 inpetum
977 2361 1144 2452 viderint,

156 2493 181 2528 “
209 2486 244 2558 &
266 2487 337 2559 fine
363 2483 565 2560 discrimine
597 2483 723 2559 obvios
753 2482 867 2571 caedi,
914 2481 1078 2579 recepiffe
1111 2483 1145 2559 sc

155 2614 182 2650 ‘⁶
208 2602 301 2679 intra
320 2608 461 2679 urbem.
512 2607 603 2678 Eam
619 2629 693 2677 rem
717 2602 899 2701 triumpho
925 2602 1073 2700 dignam
1092 2605 1145 2680 vi·

156 2734 182 2771 “
207 2721 281 2800 sam
311 2723 510 2799 Romanis?
538 2750 584 2796 ne
609 2721 716 2797 nimis
743 2721 876 2796 mirum
898 2749 1144 2823 magnumque

158 2854 184 2890 “
204 2843 399 2932 censerent,
427 2845 626 2918 tumultum
656 2843 793 2918 exciere
818 2843 856 2916 in
883 2843 1039 2918 hostium
1062 2867 1141 2943 por·
1185 2933 1190 2942 ,

158 2975 185 3011 “
202 2963 263 3052 tis,
294 2965 463 3059 majorem
492 2961 584 3062 ipsos
610 2963 882 3063 trepidationem
899 2985 979 3039 ante
1002 2965 1145 3040 moenia
1255 2973 1256 2978 ’

157 3093 185 3130 “
203 3083 268 3159 sua
283 3079 450 3158 visuros.”
651 3139 655 3144 .

215 3203 303 3279 xil.
328 3202 452 3300 Itaque
465 3203 664 3302 insequenti
677 3231 784 3294 anno,
808 3206 866 3280 M.
881 3205 1035 3306 Popillio
1052 3209 1143 3282 Lae·
1254 3245 1256 3251 ·

155 3345 256 3412 nate,
286 3325 354 3398 Cn.
372 3322 514 3398 Manlio
529 3323 745 3415 consulibus,
772 3327 889 3423 primo
906 3326 1040 3400 silentio
1057 3354 1142 3403 noc·

155 3445 203 3522 tis
229 3445 277 3519 ab
294 3443 433 3518 Tibure
450 3443 592 3544 agmine
609 3442 735 3519 infesto
757 3444 919 3544 profecti,
947 3448 994 3520 ad
1015 3449 1142 3523 urbem

155 3569 322 3644 Romam
339 3586 523 3640 venerunt.
572 3568 762 3640 Terrorem
785 3588 926 3663 repente
953 3593 998 3640 ex
1017 3565 1142 3643 somno

155 3685 325 3763 excitatis
346 3681 461 3761 subita
476 3709 528 3760 tes
550 3689 585 3760 &
607 3687 802 3761 noeturnus
825 3711 933 3786 pavor
958 3687 1140 3785 praebuit:

152 3809 291 3885 adhoc
308 3809 506 3882 multorum
520 3801 670 3895 inscitia,
705 3806 784 3906 qui,
816 3829 877 3882 aut
893 3809 1005 3894 unde,
1025 3807 1140 3881 hostes

152 3927 388 4005 advenissent
454 3929 725 4002 Conclamatum
757 3950 876 4002 tamen
905 3927 1062 4002 celeriter
1094 3927 1141 4001 ad

152 4075 256 4124 arma
272 4047 334 4137 est,
362 4051 397 4125 &
414 4068 535 4147 portae
550 4045 774 4135 stationibus,
801 4045 1139 4146 moriquepraefidi-

151 4165 354 4245 isfirmrtiz
385 4172 421 4244 δι
438 4164 504 4244 ubi
516 4165 632 4268 prima
651 4169 716 4244 lux
736 4165 956 4245 mediocrem
975 4168 1139 4244 multitu·
