3067 5342
394 707 439 776 14
694 682 1009 754 T.L1v11

391 861 416 896 “
435 853 594 953 voluptas
616 851 780 928 homines
799 879 861 952 per
883 852 980 927 nives
1002 877 1043 925 ac
1055 850 1196 949 pruinas
1213 851 1251 925 in
1264 875 1368 926 mon-

391 981 417 1016 “
436 994 487 1046 tes
503 973 667 1071 silvasque
688 973 799 1072 rapit3
826 972 910 1047 belli
937 970 1192 1046 necessitatibus
1208 997 1288 1044 eam
1306 995 1369 1068 pa-

391 1101 417 1135 “
435 1090 593 1165 tientiam
616 1117 688 1166 non
710 1091 973 1177 adhibebimus,
998 1117 1106 1189 quarn
1125 1091 1181 1164 vel
1206 1086 1300 1162 lusus
1326 1112 1369 1161 ac

391 1219 417 1272 ἒ(
434 1212 594 1308 voluptas
607 1209 730 1285 elicere
743 1209 856 1284 solet?
907 1213 1057 1285 Adeone
1080 1208 1279 1283 effeminata
1291 1232 1369 1282 cor-

391 1339 417 1373 “
434 1355 519 1427 pora
551 1328 706 1403 rnilitum
735 1330 932 1404 nostrorum
964 1331 1030 1402 effe
1060 1350 1237 1426 putamus,
1278 1329 1370 1401 adeo

392 1459 418 1492 “
437 1450 560 1522 molles
573 1447 724 1535 animos,
750 1470 792 1522 ut
811 1447 966 1523 hiemem
983 1474 1093 1522 unam
1107 1448 1230 1520 durare
1252 1444 1289 1518 in
1300 1443 1371 1520 cas-

393 1577 419 1611 “
436 1566 509 1654 tris,
537 1568 649 1642 abesse
664 1571 708 1640 ab
724 1569 834 1640 domo
847 1594 919 1641 non
936 1569 1082 1665 possint?
1106 1589 1160 1653 ut,
1186 1588 1371 1662 tamquam

392 1689 557 1760 “navale
582 1687 729 1774 bellum,
758 1686 1020 1785 tempeshtibus
1048 1684 1281 1784 captandis&
1304 1687 1369 1759 ob-

393 1803 603 1880 “servando
643 1827 799 1904 tempore
831 1804 927 1892 anni,
967 1827 1100 1904 gerant,
1138 1830 1210 1878 non
1244 1803 1369 1891 aestus,

393 1935 418 1968 “
437 1951 509 1998 non
529 1923 659 2024 frigora
679 1923 750 2023 pati
765 1928 911 2023 poffint?
962 1923 1177 1999 Erubescant
1197 1922 1369 2020 profesto,

393 2048 459 2117 “fi
491 2044 572 2141 quis
603 2043 653 2118 eis
681 2047 768 2118 hacc
795 2044 966 2140 objiciat;
1004 2045 1305 2141 contendantque,
1334 2047 1370 2115 δι

394 2174 420 2206 “
437 2162 611 2236 animis&
632 2163 835 2261 corporibus
855 2162 924 2238 suis
940 2162 1078 2237 vitilem
1097 2162 1300 2261 patientiam
1316 2161 1370 2234 in·

395 2291 420 2326 “
438 2283 517 2369 csse,
543 2280 623 2356 &se
632 2283 737 2377 juxta
755 2281 872 2356 hieme
894 2282 1134 2380 atqueaestate
1149 2283 1241 2356 bella
1253 2307 1371 2378 gerere

394 2413 419 2445 “
439 2404 552 2500 poffe:
582 2427 648 2476 nec
667 2401 700 2475 se
715 2401 948 2499 patrocinium
969 2399 1138 2475 mollitiae
1153 2400 1371 2497 inertiaeque

395 2522 613 2596 “mandasse
642 2520 805 2608 tribunis,
841 2525 875 2594 dr
899 2519 1108 2608 meminisse,
1148 2522 1237 2595 hanc
1262 2518 1371 2616 ipsam

395 2649 420 2683 “
436 2639 641 2736 potestatem
660 2666 733 2713 non
759 2639 797 2712 in
819 2643 945 2715 umbra
967 2667 1032 2714 nec
1056 2640 1094 2714 in
1112 2639 1212 2714 tediis
1226 2639 1374 2734 majores

396 2769 421 2803 “
440 2758 518 2833 suos
533 2760 666 2833 creasse.
716 2761 820 2834 Haec
835 2759 963 2834 virtute
986 2760 1142 2834 militum
1164 2758 1371 2845 vestrorum,

396 2887 421 2920 “
439 2880 525 2952 hacc
552 2880 718 2952 Romano
741 2878 885 2952 nomine
908 2876 987 2951 sunt
1009 2879 1129 2977 digna,
1164 2904 1239 2952 non
1266 2879 1371 2974 chos

397 3008 422 3040 “
440 3017 591 3084 tanturn,
611 3022 677 3071 nec
708 2998 776 3073 hoc
799 2999 932 3071 bellum
956 2996 1097 3083 intueri,
1124 2997 1223 3095 quod
1251 2996 1353 3070 instat
1360 3031 1371 3085 3

397 3127 422 3160 “
440 3114 501 3191 sed
517 3116 647 3190 samam
660 3121 693 3188 Sc
708 3117 753 3190 ad
772 3115 839 3190 alia
855 3118 947 3191 bella
958 3121 992 3190 dr
1007 3119 1053 3189 ad
1073 3138 1204 3190 ceteros
1220 3121 1372 3215 populos

397 3246 422 3278 “
441 3235 478 3309 in
491 3234 666 3332 posterum
683 3259 858 3330 quaerere.
908 3239 970 3308 An
989 3234 1167 3308 mediocre
1186 3235 1372 3310 discrimen

397 3351 618 3450 “opinionis
637 3350 837 3426 secuturum
853 3379 897 3427 ex
913 3357 977 3426 hac
1000 3379 1037 3426 re
1059 3354 1216 3451 putatis?
1250 3376 1372 3429 utrum

398 3472 584 3545 “tandem
608 3469 750 3544 finitimi
771 3474 944 3569 populum
970 3475 1178 3546 Romanum
1202 3500 1287 3548 eum
1307 3477 1374 3548 effe

398 3601 422 3634 ‘⁴
441 3611 579 3689 putent,
602 3590 702 3685 cujus
720 3593 743 3664 fi
761 3615 833 3688 qua
841 3594 926 3666 urbs
934 3593 1090 3689 primum
1105 3595 1207 3666 illurn
1221 3593 1372 3668 breviffi-

349 3695 352 3702 ’
397 3709 493 3784 “mi
516 3709 682 3808 temporis
704 3709 904 3786 sustinuerit
922 3711 1096 3808 inpetum,
1124 3712 1214 3787 nihil
1241 3713 1374 3786 deinde

397 3843 422 3892 ‘¹
441 3832 589 3906 timeat?
630 3855 673 3902 an
702 3829 761 3904 hic
793 3833 833 3904 stt
856 3852 964 3904 terror
993 3832 1147 3906 nominis
1177 3832 1297 3920 nostri,
1332 3853 1375 3904 ut

397 3961 422 3994 “
441 3948 635 4024 exercitum
656 3951 865 4024 Romanum
886 3975 960 4023 non
979 3951 1136 4024 taedium
1158 3951 1376 4049 longinquae

397 4081 421 4114 “
440 4067 726 4167 obpugnationis,
749 4094 824 4144 non
838 4067 892 4143 vis
913 4068 1041 4144 hiemis
1060 4074 1104 4145 ab
1120 4074 1207 4146 urbe
1221 4071 1374 4146 circum-
