3067 5342
495 662 842 736 LrsanVl.
1095 690 1158 739 121

180 849 209 882 ‘⁴‘
223 840 350 913 dextra
368 836 589 935 Capitolium
607 862 798 937 arcemque
817 836 1036 926 servaverim,
1067 840 1091 913 fi
1114 839 1164 913 ci-

181 970 205 1002 “
223 984 308 1032 vem
325 956 681 1056 commilitonemque
698 984 836 1045 meum,
854 978 1038 1056 tamquam
1050 958 1163 1033 Gallis
1253 1060 1255 1065 ι

181 1076 421 1151 “victoribus
450 1099 609 1177 captum,
646 1078 684 1152 in
716 1077 919 1151 servitutem
947 1102 988 1151 ac
1020 1081 1165 1183 vincula

181 1196 312 1271 “duci
333 1196 513 1272 videam?
561 1200 650 1272 Inde
673 1224 748 1272 rem
772 1194 938 1272 creditori
960 1198 1076 1294 palam
1099 1224 1164 1296 po·

179 1318 270 1415 pulo
302 1315 417 1405 solvit,
450 1318 673 1416 libraque&
698 1344 776 1391 acre
799 1318 989 1393 liberatum
1019 1318 1164 1409 emittit,

181 1439 281 1511 Deos
296 1456 404 1534 atque
422 1436 584 1511 homines
596 1438 844 1543 obtestantem,
875 1448 900 1483 “
918 1457 960 1511 ut
979 1439 1038 1510 M.
1056 1439 1165 1513 Man-

180 1566 205 1599 “
223 1554 288 1644 lio,
305 1554 482 1630 liberatori
497 1555 572 1645 suo,
590 1557 724 1654 parenti
742 1557 854 1656 plebis
871 1561 1069 1645 Romanae,
1087 1584 1164 1657 gra-

181 1675 313 1749 “tiam
335 1674 518 1750 reserant.”
566 1680 749 1777 Acceptus
765 1680 947 1774 extemplo
970 1675 1007 1749 in
1029 1681 1163 1752 turnul-

180 1793 320 1870 tuosam
342 1799 484 1870 turbam
507 1801 541 1870 δι
562 1795 635 1894 ipse
655 1800 852 1871 tumultum
875 1798 1040 1895 augebat,
1072 1797 1164 1872 cica-

181 1914 285 1990 trices
300 1936 460 2013 acceptas
474 1914 627 2012 Vejenti,
652 1915 805 2003 Gallico,
831 1913 977 2012 aliisque
995 1914 1164 2016 deinceps

181 2034 284 2109 bellis
300 2034 487 2109 ostentans.
537 2046 562 2079 “
580 2038 624 2109 Se
635 2033 860 2122 militantem,
878 2032 911 2108 se
923 2034 1163 2113 restituentem

181 2167 207 2200 “
225 2155 360 2231 eversos
385 2176 540 2254 penates,
571 2154 762 2252 multiplici
783 2156 859 2251 jam
886 2153 973 2229 sorte
994 2154 1164 2247 exsoluta,

183 2273 471 2373 “mergentibus
502 2273 637 2373 semper
663 2272 790 2348 sortem
820 2272 947 2364 usuris,
993 2279 1166 2353 obtutum

184 2404 210 2437 “
228 2394 373 2468 foenore
388 2395 476 2469 esse:
502 2394 624 2468 videte
640 2395 773 2482 lucem,
789 2382 923 2483 sorum,
938 2384 1076 2471 'civium
1091 2424 1164 2487 ota,

183 2524 209 2559 ‘⁴
229 2516 288 2589 M.
306 2512 438 2589 Manlii
454 2539 579 2614 opera:
597 2513 718 2588 omnia
732 2534 920 2611 parentum
934 2515 1108 2591 beneficia
1120 2521 1165 2591 ab

184 2642 210 2677 “
229 2633 292 2707 illo
301 2632 335 2707 se
349 2636 498 2708 habere:
517 2633 568 2707 illi
585 2635 757 2709 devovere
775 2632 931 2731 corporis
943 2633 1108 2734 uitaeque
1123 2662 1165 2711 ac

183 2762 209 2797 “
227 2751 407 2852 sanguinis
420 2756 522 2852 quod
538 2752 689 2852 superfit.
721 2755 993 2854 Qtodcumque
1007 2754 1069 2829 srbi
1080 2780 1166 2829 cum

184 2883 209 2918 “
228 2871 352 2969 patria,
366 2872 553 2971 penatibus
564 2872 721 2972 publicis
733 2900 775 2948 ac
788 2871 931 2972 privatis
941 2872 1031 2968 juris
1045 2872 1165 2962 fuerit,

186 2991 270 3065 “id
301 3017 387 3066 cum
415 3018 491 3065 uno
514 2992 660 3066 homine
686 2995 789 3067 effe.”
838 2992 910 3069 His
936 2992 1088 3069 vocibus
1111 2994 1167 3069 in-

185 3110 310 3185 stind’ta
328 3113 448 3211 plebes
464 3137 581 3210 quum
591 3114 666 3207 jam
685 3112 793 3187 unius
810 3113 967 3187 hominis
983 3117 1079 3203 effet,
1104 3118 1168 3187 atl-

185 3229 260 3305 dita
281 3230 349 3304 alia
366 3231 610 3305 commotioris
630 3233 676 3305 ad
695 3230 817 3307 omnia
834 3235 1011 3309 turbanda
1033 3233 1167 3309 confilii

186 3374 249 3425 res.
299 3352 473 3425 Fundum
486 3350 525 3424 in
540 3350 693 3447 Vejenti,
720 3374 830 3449 caput
844 3352 1062 3451 patrimonii,
1086 3352 1167 3429 sub-

180 3468 268 3565 jecit
295 3469 483 3567 praeconi:
520 3481 546 3514 “
565 3474 623 3544 Nc
655 3496 765 3568 quem
798 3472 990 3559 vestrum,''
1034 3472 1168 3572 inquit,

188 3598 214 3633 “
232 3588 405 3689 Qtitites,
431 3592 547 3664 donec
564 3588 766 3688 quidquam
783 3589 821 3663 in
838 3617 873 3665 re
889 3618 969 3665 mea
984 3590 1166 3689 supererit,

187 3718 212 3753 “
222 3708 428 3805 judicatum
442 3709 673 3784 addidumve
685 3710 775 3785 duci
790 3710 935 3810 patiar.'’
960 3713 1004 3785 Id
1020 3738 1105 3787 vero
1121 3710 1171 3787 ita

186 3828 350 3903 accendit
365 3828 517 3919 animos,
532 3850 575 3903 ut
591 3856 654 3928 per
664 3855 772 3904 omne
790 3828 840 3905 sas
853 3856 893 3907 ac
905 3830 1000 3905 nefas
1014 3829 1167 3907 secuturi

188 3947 370 4023 vindicem
399 3948 569 4025 libertatis
597 3949 813 4031 viderentur.
864 3952 928 4025 Ad
956 3953 1026 4025 hoc
1052 3952 1167 4043 domi,

189 4069 432 4146 concionantis
442 4070 480 4146 in
490 4071 657 4163 modum,
674 4069 850 4148 sermones
862 4071 958 4168 pleni
973 4070 1167 4149 criminum
