3067 5342
389 667 458 739 262
726 661 1039 736 T.Lrv11

393 841 419 884 ‘³
437 835 618 935 explicatis
644 835 807 924 consiliis,
834 834 1107 910 adcommodare
1125 833 1230 906 rebus
1248 831 1365 904 verba.

393 967 419 1001 ⁴‘
438 958 547 1043 Nam,
572 959 596 1028 sr
623 953 728 1028 etiam
751 979 849 1028 nunc
865 952 931 1028 sub
946 956 1074 1027 umbra
1089 949 1240 1024 foederis
1262 947 1368 1045 aequi

393 1073 639 1148 “servitutem
667 1073 738 1172 pati
771 1076 965 1172 possumus,
999 1071 1090 1169 quid
1121 1068 1230 1156 abest,
1265 1067 1369 1166 quin,

393 1203 419 1238 ‘⁶
436 1191 585 1292 proditis
598 1192 777 1282 Sidicinis,
802 1219 874 1267 non
891 1195 1139 1266 Romanorum
1156 1187 1283 1275 solum,
1307 1185 1371 1261 sed

395 1322 421 1357 ‘⁴
439 1313 651 1388 Samnitium
669 1337 815 1412 quoque
832 1311 930 1387 dislo
946 1336 1141 1410 pareamus,
1164 1307 1372 1405 respondea-

396 1431 592 1530 “musque
615 1431 804 1519 Romanis,
832 1458 910 1519 nos,
934 1431 1000 1504 ubi
1022 1427 1216 1516 innuerint,
1242 1429 1372 1526 politu-

396 1563 421 1596 “
440 1578 494 1626 ros
511 1554 628 1626 arma?
660 1551 720 1626 Sin
743 1572 862 1626 autem
885 1551 1029 1624 tandem
1051 1545 1220 1623 libertatis
1241 1546 1374 1620 defide-

398 1683 424 1716 “
443 1671 536 1746 rium
554 1673 730 1746 remordet
743 1669 892 1758 animos,
918 1673 941 1742 si
958 1668 1083 1742 foedus
1100 1666 1162 1755 est,
1189 1670 1213 1739 fi
1230 1665 1375 1740 societas

396 1802 422 1836 ‘⁸
440 1790 604 1890 aequatio
620 1789 709 1887 juris
732 1789 794 1876 est,
821 1791 844 1862 sr
861 1787 1137 1886 consanguineos
1154 1812 1219 1861 nos
1237 1789 1373 1860 Roma·

398 1921 423 1955 ‘⁴
441 1937 568 1985 norom
590 1912 670 1997 effe,
696 1909 796 2009 quod
817 1907 904 1982 olim
926 1908 1096 2005 pudebat,
1122 1931 1219 1980 nunc
1235 1904 1377 2004 gloriari

399 2040 424 2074 “
443 2031 539 2120 licet,
566 2035 589 2104 fi
617 2028 750 2104 socialis
773 2027 841 2102 illis
867 2024 1039 2099 exercitus
1069 2024 1098 2098 is
1124 2025 1187 2112 est,
1214 2050 1288 2123 quo
1313 2025 1375 2097 ad·
1403 2101 1407 2105 ,

398 2159 424 2193 “
435 2151 563 2246 junslo
579 2147 764 2247 duplicent
779 2145 870 2221 vires
886 2144 975 2232 suas,
1002 2169 1112 2244 quem
1133 2143 1308 2220 secernere
1330 2145 1376 2218 ab

400 2279 425 2312 “
444 2267 477 2342 se
514 2267 671 2342 consules
705 2266 805 2342 bellis
839 2263 988 2364 propriis
1026 2263 1200 2362 ponendis
1236 2263 1377 2337 sumen·

399 2386 568 2484 “disque
593 2385 706 2460 nolint
714 2420 724 2474 3
751 2411 816 2460 cur
834 2411 908 2458 non
930 2383 1051 2457 omnia
1070 2384 1288 2481 aequantur?
1314 2407 1379 2454 cur

401 2516 427 2550 “
445 2531 516 2580 non
545 2509 629 2581 alter
655 2509 700 2580 ab
724 2504 864 2580 Latinis
891 2503 1012 2580 consul
1045 2506 1170 2578 datur?
1202 2500 1268 2576 ubi
1300 2527 1378 2598 pars

402 2636 428 2672 “
446 2625 589 2713 virium,
623 2625 673 2700 ibi
695 2629 730 2699 lle
752 2624 892 2722 imperii
920 2650 997 2721 pars
1024 2623 1101 2700 est?
1140 2623 1203 2698 Est
1231 2620 1379 2719 quidem

403 2744 549 2819 “nobis
571 2747 639 2818 hoc
662 2769 723 2840 per
745 2742 778 2817 se
798 2745 895 2818 haud
916 2742 1022 2818 nimis
1045 2745 1220 2841 amplum,
1244 2739 1378 2841 quippe

404 2873 430 2908 ‘⁴
450 2863 740 2951 concedentibus,
758 2865 915 2936 Romam
932 2884 1039 2960 caput
1053 2862 1161 2936 Latio
1177 2865 1254 2938 effe.
1296 2861 1379 2946 Sed,

405 2993 431 3028 “
449 3005 491 3057 ut
522 2985 682 3081 amplum
714 2981 826 3056 videri
857 2984 979 3079 poffet,
1018 2979 1188 3055 diuturna
1214 2978 1382 3078 patientia

407 3113 433 3148 “
451 3102 612 3178 fecimus.
663 3101 791 3200 Atqui,
818 3103 1003 3200 srquando
1026 3127 1200 3199 umquam
1225 3098 1381 3176 consoci-

407 3223 534 3297 “andi
552 3222 704 3321 imperii,
730 3221 948 3320 usurpandae
974 3221 1142 3296 libertatis
1162 3242 1302 3318 tempus
1318 3246 1380 3317 op

408 3353 434 3388 ‘⁸
453 3343 559 3432 tastis,
586 3369 630 3416 en
656 3344 726 3416 hoc
749 3363 889 3439 tempus
916 3342 1024 3429 adest,
1052 3346 1085 3415 a
1111 3341 1240 3415 virtute
1260 3339 1382 3428 vestra,

408 3471 435 3506 “
453 3465 487 3535 dc
516 3464 636 3536 Delrm
659 3460 875 3560 benignitate
901 3461 1003 3534 vobis
1025 3461 1161 3536 datum.
1210 3459 1383 3535 Tentastis

408 3579 657 3678 “patientiam
696 3581 858 3678 negando
894 3579 1057 3654 militem.
1115 3579 1209 3681 Qris
1245 3579 1386 3655 dubitat

410 3709 436 3744 “
454 3701 605 3773 exarsrffe
620 3725 692 3786 eos,
716 3724 831 3797 quum
852 3701 932 3798 plus
954 3701 1191 3774 ducentorum
1212 3722 1385 3774 annorum

411 3831 590 3893 “morem
619 3817 855 3892 solveremus?
892 3821 1111 3918 pertulerunt
1142 3839 1260 3892 tamen
1289 3820 1385 3892 hunc

412 3950 437 3986 “
454 3940 624 4014 dolorem.
675 3939 813 4012 Bellum
828 3938 945 4012 nostro
961 3938 1106 4013 nomine
1123 3964 1209 4014 cum
1230 3937 1386 4037 Pelignis

410 4069 437 4104 “
453 4061 626 4158 gessimus.
675 4056 751 4159 Qri
778 4083 822 4132 ne
853 4057 1050 4134 nostrorum
1080 4058 1230 4157 quidem
1260 4057 1386 4132 finium
