3067 5342
397 935 603 1016 ΤΙΤΙ
669 932 921 1014 LIVII

268 1143 313 1237 P
375 1143 416 1238 A
487 1144 532 1238 T
582 1142 623 1238 A
694 1144 734 1238 V
791 1145 822 1238 I
882 1143 936 1239 N
996 1143 1027 1236 I

440 1373 594 1446 monn
628 1291 879 1448 octavus,

163 1472 240 1624 tJ
250 1557 317 1606 aru
338 1531 496 1607 consules
512 1555 608 1608 erant
623 1537 665 1609 C.
683 1535 843 1610 Plautius
859 1532 1067 1620 secundum,
1091 1534 1138 1607 L

162 1651 341 1727 Aemilius
358 1653 625 1740 Mamercinum
651 1680 766 1753 quum
781 1652 890 1728 Setini
905 1649 1138 1749 Norbanique

161 1773 333 1859 Romam,
365 1770 489 1846 nuncii
515 1771 722 1848 defectionis
751 1771 1020 1860 Privernatium,
1052 1796 1137 1845 cum

161 1889 394 1990 querimoniis
422 1912 585 1988 acceptae
618 1892 726 1966 cladis
761 1913 944 1966 venerunt.
993 1889 1137 1966 Volsco-

160 2037 240 2086 rum
290 2010 376 2084 item
415 2011 625 2098 exercitum,
675 2012 768 2085 duce
808 2009 946 2085 Antiati
987 2012 1135 2107 populo,

158 2128 348 2205 consedisse
364 2131 411 2204 ad
425 2129 611 2217 Satricum,
637 2131 795 2204 adlatum
817 2129 878 2204 est.
928 2132 1135 2227 Utrumque

158 2251 294 2326 bellum
311 2247 452 2326 Plautio
468 2247 555 2322 sorte
572 2248 698 2323 evenit.
748 2248 850 2324 Prius
866 2250 912 2322 ad
926 2248 1135 2323 Privernum
1237 2257 1241 2264 ’

157 2370 336 2470 protenus
359 2372 537 2466 extemplo
554 2369 627 2442 acie
650 2368 823 2442 conflixit.
873 2370 987 2443 Haud
1003 2394 1134 2468 magno
1191 2467 1194 2471 ⁸

155 2490 345 2564 certamine
362 2487 493 2563 devisti
509 2487 640 2562 hostes:
667 2487 842 2586 oppidum
857 2509 1002 2586 captum
1015 2487 1133 2562 reddi·

156 2629 308 2707 tumque
332 2606 607 2696 Privernatibus,
633 2606 802 2706 praesidio
827 2607 944 2682 valido
967 2607 1130 2705 inposito:

155 2727 229 2828 agri
246 2747 360 2824 partes
383 2727 472 2802 duae
496 2727 665 2802 ademtae.
714 2727 804 2801 Inde
825 2726 937 2800 vietor
959 2727 1132 2802 exercitus

153 2846 326 2922 Satricum
363 2868 484 2921 contra
520 2846 682 2920 Antiates
711 2848 850 2921 duduc.
904 2844 960 2920 Ibi
1003 2871 1132 2945 magna

152 2967 334 3066 utrimque
363 2969 470 3042 caede
495 2987 595 3040 atrox
624 2965 799 3064 proelium
825 2965 914 3040 fuit:
950 2971 985 3041 a
1014 2991 1131 3066 quum

153 3087 337 3185 tempestas
364 3113 435 3176 eos,
467 3109 594 3160 neutro
623 3085 790 3160 inclinata
817 3085 888 3184 spe,
920 3086 1130 3160 dimicantes

151 3205 356 3295 diremisset,
383 3205 554 3294 Romani,
580 3203 669 3280 nihil
691 3232 734 3278 eo
756 3204 943 3280 certamine
966 3226 1039 3278 tam
1054 3231 1129 3278 am·

151 3326 264 3425 biguo
288 3325 373 3414 feffi,
403 3325 442 3399 in
468 3326 646 3423 posterum
672 3325 771 3400 diem
798 3323 972 3421 proelium
994 3345 1125 3422 parant.

153 3444 303 3534 Volscis,
336 3443 596 3521 recensentibus
619 3471 709 3544 quos
729 3445 822 3519 viros
842 3445 881 3519 in
907 3444 981 3519 acie
1003 3443 1128 3522 amisis-

149 3564 237 3653 sent,
268 3567 545 3665 haudquaquam
575 3565 671 3640 idem
698 3565 837 3639 animus
859 3567 905 3639 ad
930 3565 1129 3640 iterandum

91 3777 94 3782 Ι
149 3683 350 3784 periculum
364 3684 443 3762 suit.
493 3687 609 3760 Noste
626 3711 690 3783 pro
704 3684 805 3758 vistis
819 3685 972 3759 Antium
986 3685 1127 3783 agmine

149 3803 302 3901 trepido,
328 3803 452 3880 sauciis
473 3831 514 3879 ac
540 3825 636 3902 parte
653 3803 977 3902 inpedimentorum
994 3803 1126 3891 relida,

149 3925 324 4001 abierunt.
380 3930 576 4000 Armorum
598 3950 725 4024 magna
745 3922 798 3997 vis
821 3944 899 3996 tum
922 3922 1011 3998 inter
1031 3923 1127 3998 caesa

143 4071 292 4144 corpora
307 4043 477 4134 hostium,
497 4066 576 4119 tum
591 4041 757 4118 incastris
773 4042 915 4117 inventa
927 4044 986 4117 est.
1029 4054 1054 4088 “
1073 4047 1129 4118 Ea

146 4169 292 4242 “Luae
318 4165 421 4241 matri
454 4167 536 4240 dare
566 4163 636 4252 se,’'
670 4162 793 4240 consul
820 4162 930 4238 dixit:
969 4164 1126 4266 finesque

591 4287 614 4360 S
