3067 5342
426 659 492 734 186
753 655 1066 733 T.L1v11

419 825 560 902 lescenti
589 853 631 902 ea
655 853 709 902 res
738 828 864 905 honori
888 830 970 906 fuit.
1021 833 1069 904 Et
1094 855 1207 929 quum
1232 853 1272 903 eo
1291 853 1372 904 anuo

418 947 576 1044 primum
592 947 787 1044 placuisset,
818 949 979 1026 tribunos
996 949 1154 1025 militum
1169 951 1215 1024 ad
1235 947 1373 1048 legiones

417 1065 581 1164 suffragio
611 1067 701 1155 fieri,
737 1074 835 1165 (uam
856 1074 890 1144 &
914 1091 1028 1159 antea,
1056 1073 1142 1144 ficut
1165 1093 1270 1154 nunc,
1295 1093 1373 1164 quos

417 1184 576 1262 Rufulos
587 1210 728 1276 vocant,
746 1188 971 1288 imperatores
984 1189 1045 1289 ipfi
1061 1189 1248 1282 faciebant)
1266 1186 1373 1262 secun-

415 1309 506 1382 dum
520 1307 557 1381 in
570 1306 628 1382 sex
643 1307 731 1382 locis
742 1309 870 1397 tenuit,
886 1309 991 1384 nullis
1005 1308 1104 1384 domi
1116 1307 1324 1405 militiaeque
1337 1306 1375 1380 ad

416 1426 677 1502 conciliandam
694 1427 842 1527 gratiam
860 1428 1010 1514 meritis3
1030 1450 1071 1501 ut
1089 1427 1154 1525 qui
1171 1453 1247 1502 rure
1262 1431 1293 1500 tr
1307 1451 1375 1524 pro·

416 1548 477 1622 cul
493 1569 597 1622 coetu
614 1548 806 1623 bominum
817 1549 1001 1644 juventam
1019 1547 1151 1646 egiffet.

465 1668 529 1740 VI.
555 1669 696 1742 Eodem
715 1693 821 1754 anno,
850 1665 907 1742 seu
926 1687 1026 1740 motu
1046 1687 1168 1753 terrae,
1194 1666 1251 1742 seu
1268 1692 1334 1766 qua
1346 1665 1377 1740 vi

414 1785 494 1873 alia,
512 1785 631 1862 forum
647 1787 810 1862 medium
828 1785 936 1862 ferme
953 1784 1057 1884 specu
1075 1787 1173 1862 vasto
1190 1785 1378 1885 conlapsum

414 1907 453 1981 in
470 1905 664 1980 inmensam
677 1905 903 1982 altitudinem
920 1905 1073 1985 dicitur:
1102 1931 1221 2004 neque
1237 1933 1311 1980 eam
1326 1931 1378 1980 vo

414 2009 573 2125 reginem
586 2027 749 2122 coojetm
765 2047 888 2113 terrae,
904 2051 1019 2124 quum
1036 2053 1102 2124 pro
1116 2025 1151 2102 se
1167 2025 1312 2126 quisque
1327 2050 1378 2124 ge-

414 2168 516 2234 reret,
533 2145 666 2243 expleri
683 2145 832 2242 potuiffe
850 2145 959 2244 prius,
987 2170 1095 2242 quam
1111 2147 1236 2222 Deum
1253 2143 1378 2220 monitu

414 2264 536 2362 quaeri
550 2285 731 2362 coeptum,
745 2289 820 2362 quo
831 2264 1028 2363 plurimum
1042 2267 1198 2363 populus
1208 2269 1380 2340 Romanus

413 2384 549 2482 poffet?
577 2385 619 2456 Id
643 2383 740 2457 enim
768 2383 819 2456 illi
838 2385 918 2458 loco
938 2383 1150 2474 dicandum,
1176 2405 1270 2460 vates
1291 2408 1380 2458 cane·

413 2505 511 2589 bant,
541 2506 565 2578 st
588 2501 846 2601 rempublicam
873 2506 1077 2578 Romanam
1103 2527 1308 2603 perpetuam
1323 2503 1381 2577 else

410 2624 552 2696 vellent.
601 2625 701 2696 Tum
719 2625 778 2696 Μ.
792 2621 972 2710 Curtium,
993 2623 1164 2718 juvenem
1188 2627 1279 2701 bello
1295 2647 1380 2721 egre·

411 2740 528 2840 gium,
556 2741 732 2840 castigasse
753 2740 871 2814 ferunt
886 2741 1102 2830 dubitantes,
1120 2769 1165 2816 an
1182 2746 1296 2827 ullum
1317 2768 1380 2818 mu·

411 2861 467 2962 gis
500 2863 709 2938 Romanum
740 2863 890 2949 bonum,
930 2887 1039 2959 quam
1069 2887 1164 2936 arma
1198 2861 1379 2960 virtusque,

410 2984 503 3057 effet.
535 2981 683 3056 Silentio
696 2979 801 3068 fallo,
816 2982 948 3076 templa
958 2983 1120 3056 Deorum
1131 2981 1380 3066 inmortalium,

410 3127 502 3201 quae
528 3100 606 3174 foro
636 3099 825 3186 inminent,
857 3097 1148 3198 Capitoliumque
1177 3100 1379 3186 intuentem,

410 3227 444 3294 δι
459 3246 586 3294 manus
602 3245 699 3294 nunc
713 3219 750 3292 in
768 3221 923 3307 coelum,
939 3220 1088 3294 nuncin
1106 3242 1265 3319 patentes
1281 3242 1380 3295 terrae

408 3339 526 3414 hiatus
542 3341 589 3413 ad
606 3341 704 3413 Deos
717 3363 836 3412 manes
853 3338 1103 3438 porrigentem,
1138 3340 1171 3415 se
1190 3340 1378 3419 devoviffe:

409 3484 506 3556 equo
519 3457 664 3544 deinde,
676 3484 788 3555 quam
799 3479 945 3556 poterat,
963 3459 1119 3533 maxime
1133 3482 1302 3536 exornato
1313 3459 1383 3532 infi-

408 3579 568 3664 dentem,
599 3597 773 3651 armatum
784 3577 820 3674 se
848 3577 885 3651 in
906 3577 1051 3676 specum
1079 3577 1255 3668 inmisrffe‚
1280 3582 1381 3654 dona·

408 3725 480 3798 que
492 3723 533 3772 ac
546 3694 665 3795 fruges
680 3695 880 3795 supereum
895 3723 916 3770 a
932 3696 1163 3772 multitudine
1173 3697 1330 3775 virorum
1345 3723 1382 3772 ac

406 3818 598 3894 mulierum
613 3815 813 3916 congestas,
838 3819 1029 3917 lacumque
1047 3820 1229 3908 Curtium,
1252 3847 1322 3894 non
1339 3819 1380 3892 ab

404 3940 555 4039 antiquo
572 3938 633 4012 illo
650 3939 697 4012 T.
715 3937 813 4011 Tatii
831 3937 944 4012 milite
958 3938 1086 4013 Curtio
1101 3942 1236 4028 Metto,
1264 3939 1322 4015 sed
1338 3939 1380 4012 ab

403 4063 472 4138 hoe
488 4060 718 4158 adpellatum.
770 4061 865 4135 Cura
883 4085 955 4134 non
972 4061 1113 4150 deesset,
1141 4063 1251 4161 siqua
1265 4061 1311 4136 ad
1323 4083 1377 4134 ve·
