3067 5342
505 709 542 784 L
567 733 581 782 1
611 732 631 782 s
660 733 682 784 n
710 730 733 782 n
786 708 885 784 VIII.
1102 713 1171 809 283

193 892 260 948 tur.
310 871 425 962 Prius,
458 899 567 972 quam
594 872 748 949 comitiis
775 873 813 947 in
844 871 1087 972 insequentem
1112 900 1172 948 an-

194 1017 282 1066 num
299 992 457 1069 consules
474 1014 647 1093 rogarent,
681 991 854 1068 Camillus
878 994 923 1066 de
950 993 1088 1067 Latinis
1107 1020 1170 1090 po-

193 1110 287 1210 pulis
316 1113 363 1186 ad
398 1112 557 1188 senatum
589 1112 720 1201 retulit,
769 1135 875 1210 atque
908 1114 957 1186 ita
987 1113 1170 1187 disseruit:

195 1235 358 1305 “Patres
379 1231 577 1332 conscripti,
608 1235 707 1331 quod
724 1236 819 1308 bello
834 1231 1009 1331 armisque
1034 1232 1073 1305 in
1100 1234 1170 1306 La-

193 1361 220 1396 “
238 1351 290 1424 tio
309 1353 490 1451 agendum
507 1351 589 1440 suit,
617 1351 655 1426 id
666 1353 741 1449 jam
760 1355 882 1427 Deum
899 1350 1116 1449 benignitate
1128 1378 1170 1427 ac

194 1481 221 1514 “
239 1469 368 1545 virtute
394 1471 550 1546 milimm
576 1473 623 1546 ad
646 1475 754 1546 finem
771 1471 879 1546 venit.
929 1474 1023 1545 caefi
1039 1473 1086 1544 ad
1105 1475 1172 1545 Pe·

195 1601 220 1634 “
240 1592 329 1664 dum
348 1591 586 1689 Asturamque
602 1590 682 1666 sunt
707 1591 883 1666 exercitus
899 1589 1071 1664 hostiurn:
1106 1617 1169 1688 op-

191 1719 217 1758 “
235 1710 321 1806 pida
335 1709 465 1784 latina
483 1710 614 1799 omnia,
647 1717 680 1785 s:
701 1709 855 1786 Antium
875 1737 921 1784 ex
937 1709 1085 1799 Volscis,
1107 1733 1169 1785 aut

192 1828 271 1902 “vi
299 1849 411 1928 capta,
435 1849 496 1902 aut
521 1851 660 1928 recepto
686 1829 723 1904 in
738 1830 971 1918 deditionem,
993 1831 1170 1927 praefidiis

191 1959 217 1994 ‘⁶
235 1971 399 2024 tenentur
413 1949 542 2026 vestris.
593 1950 750 2048 Reliqua
766 1949 973 2024 consultatio
990 1950 1052 2039 est,
1078 1976 1168 2049 quo·

191 2079 217 2114 “
236 2071 332 2146 niam
359 2072 563 2146 rebellando
590 2070 723 2170 saepius
747 2097 812 2145 nos
844 2069 1044 2159 sollicitant,
1078 2098 1169 2171 quo·

191 2199 217 2234 “
236 2217 319 2264 nam
345 2191 455 2264 modo
478 2213 647 2289 perpetua
673 2217 757 2287 pace
776 2189 915 2289 quietos
931 2191 1167 2268 obtineamus.

192 2311 300 2385 “Dii
327 2310 529 2385 inmortales
556 2309 605 2385 ita
629 2337 692 2385 vos
718 2332 878 2408 potentes
903 2312 1009 2408 hujus
1034 2313 1167 2387 confilii

191 2440 217 2475 “
235 2430 408 2518 fecerunt,
441 2451 496 2518 ut,
523 2433 562 2504 srt
593 2429 740 2505 Latium
767 2429 911 2518 deinde,
941 2457 987 2504 an
1012 2459 1085 2506 non
1113 2436 1166 2522 srt,
1278 2416 1282 2422 ⁵

191 2560 217 2594 “
235 2549 273 2624 in
286 2550 396 2624 vestra
410 2547 718 2648 manuposuerint.
767 2551 892 2648 ltaque
912 2577 1036 2648 pacem
1051 2552 1167 2640 vobis,

188 2680 214 2715 “
233 2673 332 2768 quod
348 2672 392 2743 ad
408 2669 557 2744 Latinos
575 2669 723 2756 adtinet,
750 2693 868 2765 parare
888 2668 925 2741 in
941 2690 1167 2767 perpetuum,

189 2801 214 2834 “
232 2792 288 2864 vel
301 2789 499 2878 saeviend0,
522 2792 579 2864 vel
595 2788 824 2889 ignoscendo,
848 2786 1000 2886 potestis.
1053 2789 1168 2862 Vultis

189 2920 216 2955 “
235 2909 422 2984 crudeliter
438 2908 615 2984 consulere
639 2909 676 2982 in
694 2907 834 2984 deditos
847 2905 1051 3005 vidosque?
1085 2907 1168 2983 licet

190 3033 349 3106 “delere
383 3057 489 3104 omne
522 3029 685 3117 Latium,
715 3028 824 3102 vastas
851 3027 935 3102 inde
961 3025 1168 3102 solitudines

188 3163 214 3195 “
233 3151 358 3238 facere,
385 3152 483 3224 unde
500 3148 618 3225 sociali
634 3148 778 3249 egregio
802 3147 958 3222 exercitu
975 3173 1038 3244 per
1053 3149 1167 3222 multa

189 3271 324 3345 “bella
349 3295 547 3368 magnaque
573 3268 670 3366 saepe
694 3273 743 3344 usr
767 3267 857 3342 estis.
908 3266 1025 3339 Vultis
1045 3291 1165 3340 errem-

188 3391 292 3489 “plo
315 3390 487 3484 majorum
507 3415 635 3488 augere
658 3415 733 3462 rem
750 3391 967 3474 Romanam,
999 3384 1111 3460 vistos
1128 3387 1166 3462 in

188 3507 411 3582 “civitatem
444 3509 678 3606 accipiendo?
725 3506 869 3580 materia
898 3504 1074 3580 crescendi
1105 3533 1167 3604 per

187 3639 212 3672 “
231 3627 406 3702 summam
423 3627 572 3726 gloriam
586 3626 797 3724 subpeditat.
847 3627 950 3700 Certe
966 3625 1006 3698 id
1019 3626 1166 3699 firmiffi·

187 3757 334 3822 “mum
368 3749 474 3847 longe
513 3744 704 3845 imperium
737 3745 800 3834 est,
847 3771 923 3842 quo
959 3742 1165 3818 obedientes

187 3877 212 3910 ‘⁸
231 3866 399 3966 gaudent.
458 3868 532 3941 Sed
556 3885 730 3939 mamrato
756 3891 846 3962 opus
878 3863 940 3951 est,
983 3862 1166 3961 quidquid

187 3986 377 4062 “statuere
400 3989 524 4086 placet.
574 3987 649 4060 Tot
675 3986 826 4084 populos
852 3983 942 4059 inter
964 3981 1061 4082 spem
1088 4009 1165 4057 me-

186 4116 213 4150 “
231 4125 381 4205 tumque
406 4103 583 4206 suspensos
611 4103 720 4180 animi
754 4102 905 4180 habetis:
947 4105 981 4177 dt
1014 4101 1164 4180 vestram
