3067 5342
484 690 713 762 Ltuun
764 689 846 762 Vll.
1085 714 1152 788 251

174 890 201 924 “
219 905 283 953 vos
309 879 398 951 velle
429 875 590 976 experiri.
639 877 716 978 Qti
745 898 945 975 pugnarent
970 874 1155 951 vobiscum

174 1009 202 1043 “
220 995 393 1085 infestius,
432 1001 466 1069 δι
495 996 580 1070 alios
611 998 720 1072 duces
749 996 886 1070 senatus
916 995 1062 1072 habuit:
1091 994 1157 1094 qui

176 1127 203 1163 “
222 1116 379 1192 maxime
412 1115 530 1202 vobis,
566 1114 642 1193 suis·
667 1115 857 1201 militibus,
897 1135 1064 1213 parceret,
1093 1113 1156 1192 oui

176 1249 202 1282 “
220 1235 418 1334 plurimum
434 1262 499 1310 vos
514 1233 715 1333 impetatori
732 1235 847 1312 vestro
859 1234 1059 1324 crederetis,
1072 1261 1157 1310 eum

176 1367 203 1400 “
230 1355 349 1454 elegit.
408 1357 552 1441 Pacem,
593 1353 700 1431 etiam
727 1353 791 1451 qui
827 1352 967 1430 vincere
1000 1357 1158 1450 poliunt,

177 1487 204 1522 “
222 1479 361 1552 volunt.
411 1472 514 1573 Quid
530 1499 595 1552 nos
610 1473 699 1550 uelle
722 1475 882 1570 oportet?
908 1471 1013 1570 quin,
1029 1472 1159 1548 omiffis

178 1607 204 1641 “
224 1596 274 1674 ira
286 1600 320 1670 ὃι
334 1591 606 1693 spe„fallaeibus
620 1592 835 1680 amoribus,
851 1618 915 1670 nos
926 1591 1017 1690 ipsos
1025 1592 1159 1669 nostra-

178 1726 205 1761 “
223 1742 295 1813 que
312 1711 434 1794 omnio
447 1713 608 1810 cognitae
626 1710 999 1808 permittimus-fidei?
1097 1759 1101 1784 ³
1121 1753 1124 1764 ·
1151 1768 1159 1782 ,

227 1837 330 1914 XLI.
391 1829 687 1929 Adprobantibus
724 1832 895 1908 clamore..
917 1830 1071 1918 cunetis,
1111 1834 1160 1906 T.

177 1953 387 2053 Qtinelius‚
412 1954 603 2048 ante·s1gna
620 1953 828 2048 psogreffus‚
847 1949 884 2023 in
901 1951 1067 2048 potestate
1083 1949 1159 2026 dic·

179 2073 299 2146 tatoris
312 2069 443 2146 milites
459 2068 533 2154 fore
552 2067 664 2146 dixit:
688 2067 814 2156 oravit,
833 2088 872 2142 ut
888 2071 1046 2146 cauffam
1058 2070 1159 2144 mise-

179 2218 301 2269 rorum
331 2189 467 2267 civium
497 2187 701 2286 susciperetz
741 2186 1017 2287 susceptamque,
1035 2191 1161 2269 eadem

180 2313 266 2398 fide,
292 2335 364 2407 qua
389 2307 644 2404 rempublicam
661 2305 1042 2387 administraresolitus
1062 2311 1160 2396 stret,

179 2451 352 2506 tueretur.
399 2427 521 2502 “Sibi
545 2426 579 2502 se
595 2424 759 2524 privatim
782 2427 884 2504 nihil.
898 2429 1161 2502 caveret.nolle
1265 2493 1268 2498 .

180 2559 207 2593 “
225 2547 324 2636 alibi,
342 2573 451 2645 quam
467 2547 505 2620 in
519 2545 735 2632 innocentia,
755 2545 852 2643 spem
869 2549 1021 2622 habere..
1058 2545 1162 2620 Mili·

181 2677 208 2732 l‘
227 2669 324 2747 tibus
338 2670 551 2754 cavendum,
568 2666 670 2763 quod
684 2667 782 2762 apud
801 2669 917 2740 Patres
930 2663 1037 2738 semel
1051 2665 1161 2761 plebi,

182 2801 208 2834 “
226 2788 357 2864 iterum
372 2785 577 2884 legionibus
589 2805 736 2860 cnutum
754 2787 811 2872 su,-
832 2811 875 2860 ne
893 2781 1009 2865 [randi
1026 2782 1163 2858 seceffio

183 2920 209 2953 “
226 2907 344 2982 ellet.”
402 2905 578 3004 Quinelio
610 2906 844 2991 conlaudato„
870 2903 1008 2978 ceteris.
1022 2907 1162 2982 bonum

181 3028 352 3102 animum.
368 3029 497 3102 habete
515 3026 627 3120 juliis,
665 3023 840 3112 dillatot„
862 3048 957 3120 equo
982 3023 1093 3100 citoto
1115 3028 1166 3100 ad

183 3151 310 3224 urbem
341 3148 513 3232 evenus,
552 3142 755 3218 auelotibus
788 3141 972 3230 Patribus.
1005 3143 1164 3222 minati

183 3268 359 3364 populum
375 3263 422 3338 in:
431 3265 514 3339 luco
535 3261 708 3349 Petelino,
735 3261 856 3336 necui
873 3261 1037 3338 militum-
1048 3263 1166 3338 fraudi

185 3385 320 3460 secoffio
336 3385 433 3460 effets
480 3381 603 3457 Oravit
619 3381 726 3456 etiam
747 3384 842 3459 bone
866 3381 970 3456 venia
991 3382 1164 3481 Qiriten

184 3504 341 3602 nequis
365 3531 444 3578 eam
471 3529 547 3580 rem
569 3504 655 3598 joco
682 3500 813 3575 seriove
837 3501 1010 3599 cuiquam
1037 3529 1162 3600 nupto·

184 3628 311 3708 braret.
359 3627 441 3699 tex
456 3647 602 3722 quoque
619 3621 754 3704 sacram,
766 3619 928 3696 militaris
952 3622 1021 3694 lata
1034 3622 1100 3711 est,
1117 3649 1164 3698 ue

185 3741 426 3840 cujusmilitis
441 3741 559 3839 scripti
576 3766 721 3827 nomen,
736 3739 799 3812 niti
812 3739 887 3837 ipso
901 3743 1168 3829 volente-,ululet

184 3886 290 3938 tetur.
340 3861 599 3957 Additumque·
610 3858 697 3959 legi,
721 3886 767 3937 ne
794 3859 888 3958 quis,
914 3859 985 3934 ubi·
1001 3861 1167 3936 tribunus

184 3983 343 4068 militum
359 3981 488 4068 l'uiffet,
515 3979 633 4078 postea
649 3977 818 4062 ordinum
835 3980 967 4053 dulles.
979 3982 1085 4055 effet-
1117 3983 1167 4056 ld

183 4124 326 4202 ptopter
339 4098 577 4176 R.Selonium
592 4097 809 4198 postulatum
823 4097 874 4173 est
890 4101 936 4174 ab
952 4100 1165 4198 ootijutotim
