3067 5342
368 643 440 740 382
699 636 1013 711 T.L1vrr

367 811 464 911 lpsoe
479 811 569 888 adeo
583 811 791 888 dictatorem
808 811 1083 913 magistrumque
1093 807 1256 910 equitum
1269 833 1349 883 reos

364 931 491 1034 mugit,
505 959 616 1032 quam
628 937 834 1033 quaesitores
850 932 1073 1028 idoneosejus
1083 927 1241 1006 criminis
1256 929 1348 1002 effer

365 1051 774 1152 intelleoumsqueitaid
784 1054 863 1143 effe,
871 1052 971 1127 fimul
981 1046 1351 1150 megiihntuabiffent.

371 1174 473 1248 Tum
487 1171 668 1246 enimvero
678 1170 860 1259 Maenius,
872 1173 947 1267 jam
964 1168 1076 1245 famae
1086 1166 1210 1268 magis,
1236 1193 1349 1267 quam

365 1291 520 1390 imperii,
536 1315 687 1380 memor,
713 1291 908 1390 progreffus
925 1290 962 1364 in
979 1288 1189 1366 concionem
1206 1287 1255 1362 ita
1270 1313 1350 1362 ver-

366 1413 414 1488 ba
428 1410 532 1488 fecit:
561 1421 587 1456 “
606 1413 656 1486 Et
670 1435 797 1486 omnes
815 1411 990 1484 antenetne
1004 1409 1094 1484 vitae
1115 1425 1179 1482 vos
1192 1405 1352 1482 conscios

367 1540 393 1576 “
411 1532 538 1618 habeo,
564 1529 736 1632 Qitites,
772 1532 808 1603 rc
835 1525 977 1627 hicipse
994 1529 1120 1617 honos,
1147 1528 1284 1602 delants
1299 1527 1348 1601 nd

368 1661 394 1696 ‘⁶
412 1675 484 1738 rne,
507 1648 602 1724 testis
617 1648 668 1723 est
683 1647 907 1724 innocentiae
924 1675 1033 1723 meae.
1082 1649 1215 1745 Neque
1231 1645 1344 1736 enim,

367 1781 394 1814 “
411 1769 512 1868 quod
528 1767 627 1868 saepe
642 1767 739 1857 elias,
774 1765 861 1867 quia
878 1767 926 1842 ita
942 1788 1102 1866 tempora
1117 1766 1344 1864 postulabant

369 1897 396 1935 “
413 1887 641 1988 reipublicae,
666 1887 732 1988 qui
748 1888 843 1962 bello
860 1885 1060 1962 clarissimus
1077 1889 1172 1975 effer,
1197 1885 1258 1962 sed
1279 1885 1346 1986 qui

366 2019 393 2054 ‘⁸
411 2007 566 2084 maxime
581 2008 707 2106 procul
722 2009 768 2081 ab
782 2005 837 2081 his
854 2005 1070 2082 coitionibus
1090 2006 1200 2082 vitam
1214 2005 1347 2106 egiffet,

369 2138 395 2173 “
412 2129 564 2204 didator
600 2126 812 2226 deligendus
845 2125 1049 2202 exercendis
1082 2125 1345 2225 quaestionibus

368 2257 395 2292 ‘⁶
412 2245 493 2322 fuio
541 2247 612 2320 Sed
635 2245 807 2343 quoniam
837 2245 987 2345 quidam
1014 2245 1150 2321 nobiles
1179 2244 1343 2320 homines

368 2375 395 2410 “
416 2371 505 2464 (qua
529 2365 576 2438 de
601 2363 729 2450 ceuffa,
759 2391 823 2440 vos
846 2365 1055 2456 existimare,
1083 2390 1193 2463 qutun
1208 2389 1266 2439 me
1283 2389 1348 2463 pro

370 2493 398 2530 “
414 2482 619 2584 magistratu
669 2481 868 2584 quidquam
913 2483 1175 2585 incompertum
1215 2483 1346 2573 dicere,

371 2616 397 2649 “
414 2603 542 2679 melius
557 2603 622 2697 est)
641 2601 799 2701 primum
810 2601 897 2702 ipses
911 2625 1114 2706 expugnare
1127 2603 1346 2703 quaestiones

371 2734 397 2769 ‘⁸
414 2722 516 2800 omni
547 2749 617 2822 ope
641 2721 750 2797 adnisr
776 2721 876 2798 sunt:
908 2723 1007 2814 dein,
1034 2725 1220 2824 postquam
1241 2725 1288 2799 ad
1305 2723 1344 2798 id

370 2855 397 2889 ‘⁸
414 2869 539 2943 parum
552 2861 712 2939 potentes
727 2861 838 2932 erant,
862 2869 907 2918 ne
929 2845 1080 2919 cauffam
1107 2843 1279 2933 dicerent,
1309 2843 1347 2917 in

331 3040 335 3048 ,
370 2974 397 3008 “
415 2959 582 3060 praefidit
593 2960 883 3050 adversariorum,
897 2947 1168 3062 adpellationem
1184 2967 1218 3037 o
1232 2961 1347 3038 tribu·

371 3094 397 3128 “
415 3080 553 3157 nicium
565 3078 754 3169 auxilium,
771 3080 907 3180 patricii
925 3080 1173 3182 confugerunt.
1210 3081 1346 3158 Postre-

370 3213 397 3247 “
415 3227 477 3277 mo
491 3187 617 3299 repulfi
633 3199 716 3275 inde
742 3203 847 3298 (odeo
864 3201 985 3278 omnia
1000 3202 1142 3292 tutiora,
1169 3223 1279 3302 quam
1305 3223 1347 3276 ut

352 3332 396 3369 ·“
414 3318 654 3394 innocentiam
678 3317 777 3394 suam
806 3343 1008 3420 purgarent,
1035 3319 1121 3416 visa)
1150 3317 1188 3396 in
1204 3347 1269 3396 nos
1292 3321 1345 3396 in-

372 3449 399 3484 “
416 3459 574 3526 ruerunt,
604 3443 639 3513 &
669 3437 812 3538 privatis
841 3439 1048 3516 dictatorem
1074 3440 1214 3540 poscere
1245 3467 1348 3518 reum

372 3570 398 3606 “
415 3556 649 3636 verecundiae
675 3583 749 3633 nou
772 3557 861 3632 fuit:
887 3580 930 3634 ut
951 3581 1074 3634 omnes
1091 3557 1156 3635 Dii
1172 3559 1346 3634 homines·

372 3691 399 3725 ‘⁸
415 3705 487 3780 que
501 3677 624 3766 sciant,
640 3679 687 3754 ab
702 3676 785 3765 iilis,
799 3675 906 3754 etiam
916 3704 1007 3778 quae
1020 3705 1093 3754 non
1109 3679 1248 3778 poffint,
1270 3699 1346 3752 ten-

372 3811 398 3846 “
416 3797 495 3887 tari,
510 3823 554 3872 ne
568 3795 740 3872 rationem
754 3795 847 3872 vitae
862 3799 1031 3888 reddant3
1061 3824 1120 3874 me
1136 3797 1279 3874 obviam
1296 3797 1348 3872 ire

373 3928 400 3965 ‘⁴
418 3915 575 4004 crimini,
600 3920 634 3991 ez
650 3915 787 3992 obferre
802 3942 861 3991 me
877 3915 1032 3994 inimicis
1046 3945 1158 4008 reum,
1176 3917 1348 3993 dictatura

373 4048 400 4082 ‘⁶
417 4061 477 4112 me
488 4029 630 4110 abdico.
679 4033 893 4134 Vosquaeso,
910 4035 1082 4126 consules,
1113 4039 1138 4114 st
1159 4036 1261 4115 vobis
1284 4037 1345 4112 dn-
