3067 5342
513 714 745 787 Lrsan
789 694 861 787 'v1.
1112 738 1178 814 135

185 883 268 955 bat:
304 880 342 955 ni
373 880 510 980 privato
546 888 604 981 (ut
633 886 691 979 fit)
726 881 887 983 periculo
914 882 1104 983 publicum
1122 884 1175 959 in-

183 1001 357 1102 plicitum
387 1007 481 1093 esset,
528 1004 758 1105 auctoresque
788 1004 997 1080 defectionis
1021 1009 1067 1081 ab
1097 1008 1174 1081 Ro-

184 1123 317 1211 manis,
354 1146 453 1199 metu
485 1153 543 1213 ne,
574 1125 637 1200 soli
669 1123 811 1200 crimini
846 1124 1004 1222 subjecti,
1037 1126 1176 1225 piacula

184 1241 257 1317 irae
275 1246 527 1320 Romanorum
544 1248 771 1334 dederentur,
801 1245 998 1321 avertissent
1017 1246 1174 1321 colonias
1267 1327 1272 1336 ,

183 1360 376 1437 aconfiliis
391 1364 500 1463 pacis.
549 1370 681 1465 Neque
704 1366 744 1439 in
760 1364 881 1441 senatu
906 1364 1020 1439 solum
1037 1393 1174 1464 percos

183 1482 319 1584 legatio
335 1484 496 1583 inpedita
516 1486 580 1574 est,
606 1484 666 1561 sed
682 1512 812 1587 magna
823 1512 900 1584 pars
917 1484 1032 1584 plebis
1049 1486 1172 1560 incita-

182 1626 233 1693 ta,
265 1624 309 1679 ut
330 1607 537 1704 praedatum
567 1604 605 1680 in
635 1632 761 1707 agrum
792 1609 1003 1680 Romanum
1025 1605 1172 1680 exirent.

182 1727 293 1800 Haec
311 1750 403 1799 nova
421 1724 549 1822 injuria
565 1726 768 1803 exturbavit
793 1748 940 1801 omnem
957 1724 1054 1825 spem
1066 1726 1173 1825 pacis.

184 1849 245 1921 De
277 1845 584 1921 Praenestinorum
613 1873 762 1946 quoque
788 1844 989 1921 defectione
1013 1872 1058 1919 eo
1075 1872 1172 1921 anno

183 1965 347 2065 primum
364 1965 457 2040 sama
469 1987 606 2041 exorta:
637 1964 938 2066 arguentibusque
955 1992 1015 2039 eos
1030 1965 1171 2043 Tuscu·
1229 1990 1233 1999 ·

182 2086 290 2175 lanis,
324 2086 540 2175 &Gabinis,
571 2086 826 2176 &Lavicanis,
854 2112 1012 2185 quorum
1027 2085 1064 2159 in
1084 2088 1172 2163 fines

183 2206 405 2281 incursatum
427 2229 514 2294 erat,
539 2207 589 2281 ita
604 2207 742 2306 placide
767 2210 813 2282 ab
831 2206 949 2283 senatu
967 2204 1172 2304 responsum

185 2328 249 2415 est,
273 2351 316 2402 ut
339 2328 460 2401 minus
484 2327 580 2403 credi
607 2329 652 2402 de
678 2326 903 2417 criminibus,
929 2325 1016 2426 quia
1036 2328 1171 2401 nollent

187 2474 228 2521 ea
242 2456 327 2523 vera
341 2450 422 2536 effe,
454 2450 646 2545 adpareret.

237 2572 360 2643 XXII.
386 2567 590 2668 Insequenti
609 2593 703 2642 anno
716 2570 776 2665 sp.
795 2572 829 2641 δι
847 2570 893 2641 L.
911 2567 1057 2664 Papirii,
1087 2566 1170 2669 novi

169 2734 173 2743 ·
188 2688 323 2763 tribuni
336 2689 494 2763 militum
512 2685 685 2763 consulari
701 2686 884 2787 potestate,
916 2687 1066 2761 Velitras
1082 2688 1170 2787 legi-

186 2838 270 2885 ones
286 2812 421 2885 duxere
430 2843 441 2897 ;
471 2830 626 2909 quatuor
642 2806 788 2906 collegis
805 2809 876 2881 Ser.
901 2805 1069 2882 Cornelio
1084 2810 1168 2882 Ma-

183 2929 367 3032 luginense
401 2952 582 3029 quartum,
614 2934 672 3029 Q
693 2926 855 3015 Servili0,
892 2930 964 3001 Ser.
995 2927 1168 3026 Sulpicio,

184 3055 230 3126 1.
245 3049 406 3126 Aemilio
420 3070 601 3149 quartum,
632 3046 785 3123 tribunis
804 3050 851 3123 ad
877 3048 1090 3147 praesidium
1109 3074 1168 3123 ur·

184 3172 252 3260 bis,
281 3176 316 3246 a
341 3174 364 3245 fi
393 3170 529 3270 quiex
557 3168 699 3243 Etruria
721 3168 806 3243 novi
822 3191 942 3243 motus
958 3158 1168 3244 nunciaren-

181 3314 253 3381 tur,
291 3292 430 3390 (omnia
457 3290 554 3365 enim
581 3289 667 3363 inde
699 3286 856 3385 suspesla
885 3292 999 3385 erant)
1027 3288 1169 3365 relidlis.

181 3416 247 3489 Ad
257 3413 408 3487 Velitras
424 3409 587 3486 adversus
604 3409 734 3506 majora
749 3435 841 3508 pene
858 3409 992 3485 auxilia
1004 3410 1166 3486 Praenes-

180 3535 356 3623 tinorum,
387 3559 497 3632 quam
521 3528 631 3629 ipsam
648 3532 862 3604 colonorum
881 3530 1166 3621 multitudinem,

179 3656 340 3731 secundo
359 3652 494 3753 proelio
517 3671 719 3750 pugnatum
736 3648 806 3736 est3
836 3648 887 3723 ita
902 3672 944 3725 ut
956 3650 1167 3752 propinqui-

181 3798 233 3852 tas
264 3775 365 3851 urbis
397 3772 490 3849 hosti
521 3777 555 3846 δι
588 3772 704 3847 cauffa
733 3768 935 3845 maturioris
965 3771 1084 3871 fugae,
1132 3778 1168 3848 ὅτ

180 3923 297 3972 unum
321 3922 366 3971 ex
389 3893 476 3994 fuga
496 3893 764 3991 receptaculum
788 3893 881 3965 esset.
932 3890 1073 3991 Oppidi
1101 3894 1166 3967 ob-

183 4017 401 4120 pugnatione
427 4011 564 4089 tribuni
598 4010 823 4099 abstinuere3
861 4011 947 4109 quia
980 4016 1168 4113 &anceps

184 4161 267 4231 erat,
297 4166 366 4215 nec
383 4137 421 4211 in
439 4132 637 4235 perniciem
653 4128 814 4208 coloniae
828 4134 1067 4233 pugnandum
1084 4160 1166 4211 cen-
