3067 5342
397 716 469 784 224
730 653 1090 770 T.L1vrth

395 843 589 965 Metuque,
618 893 663 940 ne
686 865 725 941 id
747 866 881 942 factum
904 869 1029 968 populi
1047 867 1169 962 unius,
1194 866 1379 944 confilium

393 985 511 1060 omnis
534 983 689 1060 nominis
705 987 828 1062 Latini
850 991 944 1077 effer,
968 987 1118 1064 dictator
1140 990 1240 1062 velut
1255 990 1378 1064 adver·

392 1106 449 1180 sus
459 1127 633 1181 armatum
636 1108 713 1204 jam
723 1109 872 1183 [atium
883 1113 929 1184 L.
948 1111 979 1183 F
980 1108 1232 1198 uriuscreatus,
1249 1109 1376 1210 magis-

393 1247 490 1300 trum
503 1225 669 1326 equitum
679 1231 747 1302 Cn.
759 1227 1195 1329 ManliumCapitolinum
1206 1229 1311 1305 dixit.
1328 1234 1376 1305 Et

392 1371 522 1444 quum,
556 1348 673 1446 (quod
695 1372 923 1448 permagnos
948 1351 1122 1424 turnultus
1138 1349 1214 1424 fieri
1232 1350 1375 1426 solitum

391 1468 478 1560 erat)
504 1466 643 1563 justitio
670 1465 819 1556 indicto,
850 1470 1007 1542 delectus
1033 1472 1102 1543 stne
1130 1469 1377 1546 vacationibus

390 1587 534 1662 habitus
551 1589 634 1661 effer
643 1621 656 1674 ;
678 1587 849 1686 legiones,
868 1609 1043 1686 quantum
1059 1587 1225 1662 maturari
1241 1591 1372 1688 potuit,

390 1707 430 1780 in
447 1713 639 1782 Auruncos
648 1709 787 1782 dudae.
814 1705 870 1782 Ibi
885 1709 1105 1804 praedonum
1119 1708 1245 1807 magis,
1263 1737 1373 1808 quam

390 1828 560 1916 hostium,
578 1827 688 1902 animi
699 1825 846 1902 inventi.
897 1827 1016 1902 Prima
1029 1819 1149 1926 itaque
1161 1827 1237 1903 acie
1251 1829 1371 1904 debel-

389 1950 503 2022 latum
520 1948 583 2023 est.
632 1946 796 2023 Didator
812 1969 944 2036 tamen,
968 1946 1053 2044 quia
1073 1949 1218 2022 &ultro
1236 1951 1371 2024 bellum

390 2068 593 2155 intulerant,
621 2070 656 2142 δι
670 2071 739 2142 fine
752 2067 1004 2142 detrectatione
1021 2065 1054 2141 se
1072 2065 1258 2142 certamini
1275 2067 1358 2144 obfe

389 2192 525 2276 rebant,
557 2190 719 2262 Deorum
742 2213 888 2286 quoque
913 2213 997 2286 opes
1020 2186 1240 2261 adhibendas
1263 2209 1370 2278 ratus,

388 2308 480 2382 inter
497 2307 608 2404 ipsam
621 2307 891 2382 dimicationem
906 2309 1031 2382 aedem
1045 2308 1181 2404 Junoni
1199 2311 1371 2384 Monetae

387 2427 507 2501 vovit:
538 2429 640 2523 cujus
658 2429 844 2502 damnatus
860 2427 934 2502 voti
952 2451 1067 2525 quum
1080 2426 1194 2503 vietor
1211 2430 1369 2504 Romam

388 2547 588 2634 revertiffet,
606 2546 781 2620 dictatura
791 2545 823 2620 se
839 2546 1030 2623 abdicavit.
1079 2550 1369 2625 Senatusduum·

386 2667 480 2742 viros
499 2669 641 2742 adeam
664 2669 789 2742 aedem
807 2693 871 2764 pro
888 2665 1125 2764 amplitudine
1142 2669 1267 2766 populi
1290 2673 1367 2744 Ro-

387 2787 485 2862 mani
501 2786 703 2862 faciendam
720 2785 827 2862 creari
840 2787 946 2882 jussit.
997 2789 1119 2862 Locus
1139 2787 1177 2862 in
1194 2815 1273 2864 arce
1291 2790 1366 2864 dei·

386 2907 531 2997 tinatus,
559 2934 651 3007 quae
678 2934 756 2982 area
779 2907 924 2982 aedium
943 2909 1001 2981 M.
1020 2907 1152 2982 Manlii
1173 2908 1367 3005 Capitolini

385 3027 511 3103 suerat.
558 3026 742 3116 Consules,
768 3025 948 3101 didatoris
975 3027 1132 3102 exercitu
1160 3029 1206 3102 ad
1228 3031 1366 3103 bellum

385 3147 557 3223 Volscum
571 3150 635 3236 uli,
659 3150 779 3222 Soram
795 3173 840 3220 ex
857 3147 1029 3236 hostibus,
1058 3146 1219 3222 incautos
1235 3149 1364 3239 adorti,

384 3290 566 3368 ceperunt.
617 3271 727 3341 Anno
738 3267 828 3365 post,
846 3292 954 3368 quam
967 3289 1050 3342 vota
1059 3290 1142 3357 erat,
1158 3269 1262 3343 aedes
1277 3271 1364 3343 Mo-

383 3410 485 3462 netae
510 3387 708 3476 dedicatur,
738 3389 780 3461 C.
807 3387 951 3462 Marcio
975 3388 1104 3463 Rutilo
1130 3388 1289 3478 tertium,
1316 3393 1363 3465 T.

383 3507 525 3581 Manlio
547 3510 733 3605 Torquato
756 3507 954 3586 secundum
971 3509 1188 3587 consulibus.
1238 3508 1363 3586 Prodi-

383 3627 486 3728 gium
502 3630 682 3726 extemplo
699 3627 962 3704 dedicationem
977 3629 1152 3720 secutum,
1179 3629 1288 3705 simile
1304 3655 1363 3704 ve·

381 3747 478 3823 tusto
495 3747 628 3822 montis
644 3749 777 3822 Albani
794 3749 970 3849 prodigio.
1021 3754 1191 3851 Namque
1218 3755 1252 3826 lt
1276 3750 1363 3848 lapi·

382 3869 491 3944 dibus
506 3866 612 3966 pluit,
631 3869 666 3941 &
683 3893 756 3942 nox
771 3867 924 3944 interdiu
937 3869 1007 3944 visa
1021 3869 1159 3946 intendi
1172 3903 1180 3945 ι
1194 3870 1362 3969 librisque

384 3987 559 4087 inspeetis,
578 4015 694 4087 quum
712 3991 817 4087 plena
832 3988 1001 4090 religione
1015 3989 1138 4066 civitas
1155 3995 1250 4080 effer,
1268 3992 1362 4066 sena-

383 4107 437 4183 tui
453 4107 601 4210 placuit,
621 4108 831 4185 dictatorem
848 4109 1013 4185 feriarum
1034 4111 1362 4189 constituendarum
