3067 5342
404 727 473 800 190
732 697 1047 774 T.Lrvtr

400 887 427 920 “
445 876 573 950 loc0?”
621 873 695 949 His
725 872 817 950 inter
848 873 882 948 se
915 872 1065 949 vocibus
1091 867 1272 957 concitati,
1310 870 1377 943 cla-

398 1019 497 1068 more
509 1014 689 1082 renovato,
720 993 878 1068 inferunt
898 995 1045 1092 pedem:
1080 997 1115 1067 δι
1131 991 1288 1090 primum
1302 1015 1377 1088 gra·

397 1115 449 1188 du
466 1133 653 1188 moverunt
668 1113 817 1202 hostem,
845 1114 976 1188 deinde
992 1114 1220 1212 pepulerunt;
1248 1109 1378 1209 postre-

397 1259 460 1308 mo
476 1233 552 1330 jam
573 1234 672 1307 haud
694 1232 806 1306 dubie
822 1254 1007 1308 avertunt:
1035 1257 1165 1330 neque,
1196 1252 1269 1304 tam
1286 1229 1377 1305 vires

396 1379 496 1452 pares
518 1379 609 1452 quae
635 1351 846 1450 superaverit
869 1378 934 1440 res,
970 1351 1071 1427 facile
1098 1350 1199 1425 dictu
1225 1350 1288 1438 est,
1316 1349 1378 1422 nifi

396 1475 499 1573 quod
520 1494 688 1572 perpetua
700 1471 841 1548 fortuna
857 1471 1038 1572 utriusque
1054 1469 1179 1570 populi
1204 1475 1239 1544 δι
1264 1472 1376 1544 extol-

397 1595 467 1668 lere
483 1591 633 1681 animos,
660 1596 695 1666 ἃ
709 1591 870 1667 minuere
888 1591 1015 1690 potuit
1066 1590 1192 1689 Usque
1206 1592 1251 1664 ad
1270 1591 1378 1665 castra

397 1711 573 1812 fugientes
589 1709 770 1786 Hernicos
783 1715 969 1786 Romanus
982 1709 1157 1809 sequitur:
1186 1711 1378 1786 castrorum

396 1830 677 1932 obpugnatione,
703 1830 791 1930 quia
814 1831 929 1906 serum
955 1851 1028 1904 erat
1054 1829 1140 1916 diei,
1167 1830 1377 1905 abstinuere.

397 1950 475 2028 Diu
489 1977 562 2026 non
581 1950 782 2050 perlitatum
799 1970 957 2025 tenuerat
981 1949 1203 2038 diflatorem,
1233 1975 1278 2024 ne
1295 1971 1377 2024 ante

396 2071 584 2146 meridiem
607 2075 746 2170 srgnum
763 2072 846 2146 dare
862 2071 987 2169 pollet:
1012 2095 1055 2142 eo
1072 2067 1111 2142 in
1131 2071 1273 2142 noctem
1287 2090 1376 2143 trac-

396 2213 475 2264 tum
507 2212 580 2265 erat
610 2210 797 2264 certamen.
863 2188 1006 2264 Postero
1038 2189 1098 2262 die
1124 2188 1258 2264 deserta
1290 2189 1378 2288 fuga

395 2309 503 2384 castra
522 2307 780 2397 Hernicorum,
808 2313 842 2382 br
872 2307 979 2383 saucii
1008 2307 1119 2383 relicti
1147 2307 1297 2406 quidam
1320 2307 1374 2382 in·
1404 2341 1410 2354 ·

395 2426 492 2502 venti
504 2461 516 2516 3
559 2452 760 2526 agmenque
786 2426 1003 2526 fugientium
1033 2430 1078 2501 ab
1109 2427 1225 2526 fignis,
1256 2453 1374 2526 quum

395 2568 530 2648 praeter
545 2546 686 2621 moenia
701 2572 825 2622 eorum
848 2546 1085 2644 infrequentia
1108 2547 1293 2647 conspecta
1309 2551 1374 2646 fig-

397 2695 442 2742 na
458 2669 578 2756 essent,
603 2665 735 2755 fusum,
758 2691 799 2741 ac
816 2691 877 2765 per
899 2691 999 2766 agros
1019 2667 1156 2765 trepida
1175 2667 1261 2768 fuga
1280 2669 1373 2766 pala-

395 2810 474 2863 tum
501 2787 561 2862 est.
611 2790 690 2861 Nec
718 2785 891 2860 Romanis
913 2785 1096 2861 incruenta
1113 2787 1260 2861 vifloriu
1292 2785 1373 2860 fuit.

395 2915 530 3010 Qrarta
542 2934 620 3006 pars
636 2906 793 2981 militum
808 2905 944 2992 amissa3
978 2912 1026 2994 δι,
1058 2905 1123 2982 ubi
1139 2908 1235 2980 haud
1252 2905 1373 2980 minus

391 3030 542 3125 jaflurae
558 3027 639 3114 fuit,
665 3025 802 3125 aliquot
827 3024 964 3125 equites
981 3026 1139 3100 Romani
1153 3025 1323 3100 cecidere.

449 3149 514 3222 IX.
548 3145 751 3244 Insequenti
784 3171 890 3232 anno,
921 3171 1036 3244 quum
1063 3147 1106 3220 C.
1132 3145 1311 3244 Sulpicius
1338 3153 1374 3222 ὅτ

396 3270 438 3343 C.
467 3266 632 3341 Licinius
648 3267 778 3340 Calvus
806 3263 965 3339 consules
988 3263 1025 3337 in
1043 3265 1221 3340 Hernicos
1238 3265 1371 3340 exerci-

395 3409 474 3460 tum
501 3385 691 3472 duxissent,
725 3409 841 3482 neque
862 3383 1013 3458 inventis
1039 3385 1077 3458 in
1097 3409 1182 3485 agro
1196 3385 1371 3474 hostibus,

395 3502 626 3579 Ferentinum
643 3506 771 3577 urbem
787 3529 911 3577 eorum
935 3503 971 3577 vi
989 3503 1168 3602 cepissent,
1200 3527 1373 3580 reverten-

396 3623 492 3698 tibus
519 3620 603 3695 inde
625 3621 675 3695 eis
688 3621 857 3696 Tiburtes
873 3644 989 3721 portas
1006 3623 1166 3699 clausere.
1218 3627 1271 3698 Ea
1287 3625 1371 3700 ulti-

394 3770 453 3819 ma
471 3741 542 3817 fuit
562 3744 688 3830 caussa,
722 3766 838 3840 quum
858 3746 990 3818 multae
1011 3766 1112 3818 antea
1129 3745 1371 3843 querimoniae

394 3867 487 3940 ultro
517 3861 677 3962 citroque
697 3862 845 3958 jaslatee
872 3865 991 3952 essent,
1033 3891 1108 3952 cur,
1139 3891 1202 3963 per
1230 3863 1369 3938 feciales

394 3987 497 4060 rebus
522 3982 690 4082 repetitis,
724 3983 860 4057 bellum
877 3982 1022 4058 Tiburti
1047 3987 1181 4084 populo
1198 3985 1370 4059 indicere·

395 4126 463 4179 tur.
513 4102 732 4178 Diclatorem
745 4105 792 4178 T.
806 4101 1019 4205 Q1inflium
1037 4107 1201 4180 Pennum
1218 4131 1261 4180 eo
1277 4129 1371 4180 anno
