3067 5342
379 661 452 738 344
701 635 1017 709 T.L1vrr

386 820 412 854 “
429 809 575 884 ceffilse:
601 827 714 882 tacere
740 807 900 884 indolem
916 807 1015 882 illam
1029 809 1251 889 Romanam,
1275 801 1363 875 abla-

388 939 414 974 “
433 928 555 1029 tosque
582 955 667 1004 cum
683 927 789 1004 armis
811 927 959 1002 animos.
1009 929 1095 1001 Non
1116 924 1267 1000 reddere
1283 919 1364 994 salu·

387 1059 412 1092 “
432 1071 517 1137 tem,
562 1075 634 1124 non
667 1047 896 1123 salutantibus
924 1047 1006 1120 dare
1039 1042 1260 1144 responsum,
1299 1064 1367 1113 non

388 1168 563 1244 “hiscere
596 1192 816 1267 quemquam
849 1193 930 1266 prae
956 1185 1054 1240 metu
1082 1161 1250 1262 potuiffe,
1283 1179 1366 1232 tam-

389 1297 415 1332 “
434 1314 543 1388 quam
560 1286 753 1362 ferentibus
779 1289 898 1362 adhuc
915 1285 1112 1360 cervicibus
1131 1285 1281 1382 jugum,
1305 1277 1367 1351 sub

389 1417 414 1452 “
433 1433 508 1507 quo
525 1407 634 1483 emissi
649 1408 766 1480 effent.
816 1407 962 1480 Habere
981 1405 1155 1480 Samnites
1171 1396 1365 1483 victoriam,

389 1537 505 1604 “non
533 1527 742 1626 praeclaram
770 1524 897 1613 solum,
923 1523 983 1599 sed
1010 1524 1118 1600 etiam
1149 1541 1364 1622 perpetuam.

388 1657 413 1690 ‘⁸
432 1646 569 1744 Cepilse
587 1645 684 1720 enim
701 1672 760 1720 eos
776 1671 849 1719 non
866 1648 1037 1732 Romam,
1069 1648 1159 1720 licut
1181 1661 1263 1717 ante
1285 1637 1365 1712 Gal·

388 1777 413 1810 “
431 1767 496 1853 los,
532 1763 605 1853 fed,
638 1765 740 1864 quod
771 1766 887 1839 multo
913 1765 1109 1842 bellicosius
1140 1761 1262 1850 fuerit,
1294 1761 1365 1832 Ro-

387 1895 414 1931 “
433 1909 576 1960 manant
591 1883 760 1959 virtutem
778 1883 1054 1984 ferociatnque.''

436 2007 517 2078 Vll.
544 2009 671 2106 Qum
687 2009 774 2080 haec
793 2003 996 2080 dicerentur
1010 2006 1304 2102 audirenturque,
1332 2001 1364 2071 n

386 2127 611 2224 deploratum
637 2151 727 2224 pene
745 2127 957 2200 Romanum
987 2153 1120 2201 nomen
1149 2126 1189 2201 in
1219 2117 1366 2198 concilio

387 2245 563 2320 sociorum
577 2243 739 2318 fidelium
757 2247 864 2332 effet3
892 2244 1025 2320 dicitur
1041 2245 1176 2320 Ofilius
1192 2241 1363 2325 Calavius,

387 2362 473 2438 Ovii
500 2362 607 2450 filius,
642 2364 754 2437 clarus
781 2391 908 2464 genere
938 2364 1121 2465 factisque,
1157 2389 1238 2442 tum
1263 2359 1364 2436 etiam

384 2503 495 2558 aetate
511 2483 697 2570 verendus,
731 2485 837 2583 longe
859 2484 959 2560 aliter
974 2485 1008 2560 se
1030 2487 1160 2561 habere
1188 2511 1263 2561 rem
1289 2479 1362 2555 dix·

386 2601 515 2676 illes‘
519 2599 745 2678 ‘Silentium
772 2603 863 2678 illud
885 2605 1114 2695 obstinatum,
1144 2596 1337 2704 fixosque
1329 2623 1363 2671 111

387 2735 558 2799 “terram
575 2725 711 2812 oculos,
736 2723 904 2800 &surdas
919 2727 965 2800 ad
981 2725 1104 2801 omnia
1119 2725 1242 2801 solatia
1256 2743 1360 2802 aures,

388 2853 413 2888 ‘⁸
432 2843 660 2942 &pudorem
684 2843 875 2920 intuendae
892 2845 996 2934 lucis,
1026 2847 1211 2946 ingentem
1237 2842 1362 2918 molem

387 2971 413 3006 “
432 2961 563 3036 irarum
580 2987 625 3034 ex
652 2964 722 3038 alto
743 2963 866 3038 animo
891 2965 1018 3040 cientis
1043 2966 1182 3042 indicia
1196 2967 1280 3042 else:
1307 2974 1363 3032 aut

387 3093 413 3126 “
432 3085 600 3156 Romana
615 3081 648 3154 se
676 3081 837 3182 ignorare
865 3083 1021 3184 ingenia,
1046 3108 1109 3160 aut
1132 3084 1309 3162 silentium
1324 3075 1361 3149 il·

386 3213 412 3248 “
431 3203 498 3277 lud
513 3199 731 3278 Samnitibus
745 3203 880 3278 flebiles
902 3205 1000 3279 brevi
1014 3206 1183 3280 clamores
1201 3190 1361 3308 gemitus·

386 3334 413 3366 “
432 3349 502 3420 que
530 3321 793 3410 excitaturum,
819 3324 1077 3424 Caudinaeque
1093 3327 1191 3424 pacis
1207 3324 1359 3421 aliquan·

385 3451 411 3484 “
430 3461 468 3514 to
485 3440 716 3528 Samnitibus,
750 3467 860 3539 quam
877 3445 1067 3532 Romanis,
1098 3445 1283 3521 tristiorem
1292 3462 1360 3513 me·

385 3556 576 3636 “moriam
593 3561 679 3636 fore.
728 3561 874 3663 Qrippe
888 3562 968 3638 suos
991 3590 1174 3664 quemque
1194 3585 1315 3641 eorum
1327 3581 1359 3628 a·

385 3691 410 3726 ‘⁴
429 3679 546 3756 nimos
563 3679 783 3768 habitumm,
808 3681 1034 3784 ubicumque
1056 3681 1269 3785 congreffuri
1285 3681 1358 3752 nnn

385 3799 531 3876 “saltus
560 3800 743 3875 Caudinos
761 3827 834 3874 non
859 3803 998 3902 ubique
1014 3807 1234 3882 Samnitibus
1258 3794 1358 3876 lore.”

384 3923 466 4016 Jant
483 3923 623 3994 Romae
646 3919 753 3994 etiam
777 3920 838 3996 sua
854 3922 996 3999 infamis
1017 3928 1133 4000 clades
1158 3949 1240 4003 erat.
1288 3919 1358 3992 Ol*

384 4039 483 4116 seffos
499 4039 655 4141 primum
671 4039 878 4118 audierunt:
910 4042 1038 4120 tristior
1059 4045 1190 4121 deinde
1211 4026 1356 4147 ignomi-
