3067 5342
499 683 826 818 LrnnnIX.
986 751 989 758 '
1106 751 1253 844 355ΓῚ

189 933 309 986 tamen
343 908 540 1012 Fregellani
574 914 823 989 sustinuerunt.
900 915 1008 989 Fraus
1042 912 1173 988 deinde

188 1055 263 1104 rem
280 1025 475 1121 inclinavit,
504 1034 605 1131 quod
621 1061 748 1110 vocem
765 1034 880 1109 audiri
898 1033 1075 1132 praeconis
1091 1035 1173 1132 passi

186 1147 283 1237 sunt;
321 1162 346 1194 “
362 1153 586 1227 incolumem
615 1152 808 1244 abiturum,
843 1153 907 1254 qui
940 1179 1037 1228 arma
1068 1150 1171 1251 posu-

181 1279 214 1372 ξ’
233 1268 342 1343 iffet.’'
405 1273 459 1344 Ea
486 1269 562 1369 spes
591 1271 765 1347 remifita
798 1271 987 1347 certamine
1019 1270 1170 1361 animos,

186 1388 357 1488 &patum
386 1415 483 1464 arma
507 1391 629 1488 jadati
662 1413 796 1490 coepta.
847 1390 1062 1467 Pertinacior
1091 1407 1170 1488 pars

185 1530 316 1582 armata
345 1535 408 1606 per
439 1508 591 1586 aversam
632 1533 770 1609 portam
814 1511 947 1610 erupit3
988 1508 1169 1608 tutiorque

186 1626 237 1701 eis
253 1629 402 1704 audacia
430 1628 512 1718 suit,
544 1651 654 1728 quam
683 1630 847 1705 incautus
876 1631 921 1706 ad
949 1630 1169 1706 credendum

185 1740 308 1821 ceteris
328 1762 477 1846 'pavore'
506 1775 597 1847 quos
623 1749 861 1825 circumdatos
893 1749 982 1850 igni,
1016 1747 1167 1848 nequid·

184 1887 294 1965 quam
312 1871 409 1942 Deos
426 1869 607 1966 fidemque
634 1867 851 1958 invocantes,
885 1869 1056 1944 Samnites
1083 1893 1168 1943 con-

182 2008 436 2062 cremaverunt.
485 1987 668 2076 Consules,
694 1993 786 2063 Inter
817 1987 850 2064 se
877 1988 994 2088 partiti
1023 1988 1166 2086 provin·

182 2105 268 2194 cias,
295 2105 457 2205 Papirius
486 2106 524 2180 in
553 2105 725 2204 Apuliam
749 2108 796 2181 ad
825 2109 1016 2183 Luceriam
1039 2099 1166 2208 pergit,

181 2225 247 2300 ubi
281 2226 418 2324 equites
445 2227 603 2299 Romani
633 2227 768 2303 obfides
798 2229 844 2301 ad
874 2226 1055 2301 Caudium
1090 2223 1165 2301 dati

180 2345 485 2422 custodiebantur:
511 2345 687 2420 Publilius
713 2344 751 2420 in
774 2346 917 2420 Samnio
934 2344 1086 2421 substitit
1102 2347 1164 2420 ad-

180 2463 298 2540 versus
317 2465 496 2540 Caudinas
518 2465 685 2566 legiones.
720 2464 918 2539 Distendit
934 2491 975 2540 ea
997 2491 1050 2540 res
1066 2469 1164 2540 Sam⁴

179 2585 312 2660 nitium
329 2582 484 2672 animos3
512 2587 612 2682 quod
642 2609 708 2658 nec
737 2584 784 2658 ad
812 2583 1004 2658 Luceriam
1028 2584 1090 2671 ire,
1117 2603 1162 2658 ne

177 2708 222 2813 ab
240 2727 338 2805 tergo
355 2705 496 2780 instaret
521 2704 641 2792 hostis,
666 2729 731 2778 nec
756 2721 910 2790 manere,
934 2729 978 2776 ne
1007 2697 1162 2778 Luceria

176 2821 317 2899 interim
348 2824 578 2911 amitteretur,
611 2822 688 2898 satis
719 2823 908 2897 audebant.
968 2819 1160 2922 Optimum

175 2943 291 3018 visum
308 2945 358 3018 est
374 2944 594 3019 committere
610 2969 685 3017 rem
702 2939 877 3029 fortunae,
911 2946 945 3015 δε
976 2944 1159 3040 tranfigere

174 3076 260 3137 cum
277 3064 435 3140 Publilio
460 3084 646 3138 certamen.
696 3064 823 3158 Itaque
842 3059 881 3134 in
901 3059 1014 3134 aciem
1039 3057 1157 3158 copias

173 3184 344 3257 educunt.

221 3303 321 3375 XIII.
349 3301 528 3377 Adversus
554 3327 650 3401 quos
673 3298 850 3376 Publilius
884 3291 1006 3375 consul
1037 3323 1153 3397 quum

175 3419 407 3496 dimicaturus
436 3426 531 3511 effet,
553 3421 650 3520 prius
678 3421 923 3517 adloquendos
949 3418 1078 3493 milites
1104 3443 1155 3492 ra-

173 3560 243 3630 tus,
277 3541 489 3615 concionem
521 3539 683 3614 advocari
708 3541 816 3637 juffit.
876 3542 1042 3614 Ceterum
1069 3541 1155 3614 sicut

171 3656 308 3758 ingenti
335 3659 510 3734 alacritate
539 3661 585 3733 ad
611 3658 825 3756 praetorium
855 3657 1067 3734 concursum
1090 3657 1152 3747 est,

168 3799 218 3850 tta
241 3805 323 3875 prae
348 3781 500 3852 clamore
531 3776 752 3875 poscentium
781 3805 939 3877 pugnam
968 3779 1066 3851 nulla
1090 3778 1152 3851 ad·
1190 3803 1192 3808 ’

170 3897 323 3971 hortatio
363 3897 580 3996 imperatoris
612 3897 734 3971 audita
773 3898 833 3972 est.
899 3900 990 3971 Suus
1019 3896 1151 3997 cuique

169 4016 310 4091 animus
326 4043 464 4092 memor
481 4015 696 4116 ignominiae
713 4019 914 4091 adhortator
927 4020 1055 4092 aderat.
1082 4020 1151 4092 Va-

167 4135 260 4211 dunt
279 4136 388 4236 igitur
413 4135 451 4210 in
474 4135 649 4234 proelium
669 4157 858 4234 urguentes
878 4136 1071 4236 signiferos:
1100 4141 1148 4227 ὅτ,
