3067 5342
506 684 912 760 LraarIX..
1112 687 1178 782 381

210 861 391 950 sententia,
415 881 458 936 ut
482 860 702 936 mitterentur
732 858 862 936 coloni.
913 861 1000 934 Duo
1019 856 1183 933 millia&

209 981 398 1083 quingenti
413 981 515 1056 milli.
566 983 705 1056 Eodem
721 1005 829 1068 anno,
854 1005 970 1078 quum
988 978 1110 1054 omnia
1130 979 1184 1053 in-

158 1100 161 1104 ’
208 1105 283 1178 fida
310 1100 485 1176 Romanis
517 1103 637 1190 essent,
675 1103 817 1200 Capuae
850 1125 997 1198 quoque
1026 1102 1184 1176 occultae

208 1222 416 1322 principum
431 1221 686 1318 conjurationes
701 1220 822 1296 saetae.
850 1221 907 1293 De
922 1217 1056 1317 quibus
1069 1243 1185 1318 qutun

208 1344 255 1417 ad
268 1341 428 1417 senatum
448 1343 595 1416 relatum
611 1343 706 1427 esset,
731 1340 1010 1436 haudquaquam
1026 1341 1185 1437 neglesta

209 1488 263 1537 res
296 1463 356 1536 est.
421 1461 652 1562 Qtaestiones
683 1462 855 1548 decretae,
904 1457 1184 1554 dictatoremque

208 1581 473 1681 quaestionibus
487 1579 693 1656 exercendis
706 1578 779 1658 dici
789 1577 934 1679 placuit.
983 1580 1026 1653 C.
1043 1575 1185 1652 Maeni·

208 1729 251 1777 us
268 1702 396 1777 didus.
446 1703 480 1776 ls
506 1703 564 1775 M.
592 1699 749 1774 Fossium
779 1698 987 1798 magistrum
1020 1696 1186 1797 equitum

209 1821 314 1897 dixit.
364 1824 493 1922 Ingens
508 1841 580 1895 erat
589 1819 809 1918 magistratus
825 1821 901 1916 ejus
918 1841 1035 1895 terror.
1062 1820 1185 1916 ltaque

208 1946 276 2017 sive
293 1941 420 2016 timore
436 1942 524 2038 ejus,
550 1939 609 2015 seu
627 1937 851 2028 conscientia,
880 1938 1055 2027 Calavios,
1097 1937 1184 2012 Ovi-

209 2059 540 2159 um'Noviumque,
568 2065 625 2157 (ea
638 2058 752 2157 capita
761 2057 1012 2156 conjurationis
1029 2057 1181 2151 fuerant)

168 2228 174 2234 -
208 2181 414 2280 priusquam
439 2178 704 2254 nominarentur
729 2180 825 2278 apud
844 2177 1065 2265 dictatorem,
1091 2201 1185 2250 mors

208 2299 447 2376 hauddubie
478 2302 524 2374 ab
548 2299 627 2396 ipfis
656 2296 809 2374 conscita
830 2296 971 2394 judicio
1003 2294 1184 2370 subtraxit.

209 2419 367 2507 Deinde,
392 2440 434 2494 ut
449 2416 645 2518 quaestioni
662 2420 861 2517 Campanae
877 2416 1020 2494 materia
1032 2417 1183 2505 decedit,

210 2538 305 2614 versa
319 2541 479 2614 Romam
495 2537 756 2635 interpretando
770 2564 847 2612 res:
865 2564 938 2612 non
958 2536 1184 2624 nominatim,

209 2658 275 2758 qui
308 2661 464 2757 Capuae,
507 2657 567 2733 sed
595 2657 633 2732 in
666 2655 884 2745 universum,
941 2656 1006 2755 qui
1036 2655 1186 2754 usquam

211 2780 356 2853 coissent
386 2779 658 2875 conjurassentve
703 2776 865 2852 adversus
911 2775 1184 2876 rempublicam,

209 2896 331 2995 quaeri
357 2896 516 2972 senatum
534 2898 684 2994 jussiffe:
724 2901 758 2972 δι
786 2897 969 2986 coitiones,
1007 2900 1184 2972 honorum

208 3014 518 3115 adipiscendorum
546 3019 660 3093 cautla
684 3014 802 3105 factas,
828 3015 989 3092 adversus
1019 3021 1184 3114 rempub·
1314 3081 1317 3088 .

209 3133 317 3210 licam
333 3138 424 3210 effe:
451 3135 623 3235 latiorque
650 3140 686 3211 dr
713 3163 749 3210 re
782 3141 817 3212 δι
843 3135 995 3236 personis
1028 3138 1185 3237 quaestio
1297 3229 1302 3240 ι

186 3253 285 3330 >fieri
297 3288 310 3343 ;
352 3257 451 3331 haud
476 3258 653 3332 abnuente
684 3256 866 3345 distarem,
902 3260 971 3332 line
1010 3259 1082 3330 fine
1115 3259 1189 3332 ulla

207 3374 425 3474 quaestionis
452 3375 533 3452 suae
565 3377 625 3473 jus
653 3378 731 3451 effe.
797 3377 1069 3452 Postulabantur
1100 3403 1185 3477 ergo

211 3493 349 3570 nobiles
378 3494 553 3572 homines.
630 3494 976 3596 Adpellantibusque
1025 3495 1185 3573 tribunos

211 3641 321 3690 nemo
350 3635 424 3692 erat
449 3613 597 3704 auxilio,
639 3614 729 3714 quin
763 3615 909 3691 nomina
938 3615 1185 3714 reciperentur.

212 3737 303 3810 lude
319 3735 497 3822 nobilitas,
522 3760 588 3811 nec
605 3735 644 3810 hi
667 3737 791 3825 modo,
817 3736 855 3811 in
871 3761 963 3836 quos
983 3736 1117 3812 crimen
1134 3737 1186 3814 in·

210 3858 434 3946 tendebatur,
459 3854 520 3931 sed
535 3853 682 3931 univerfi
704 3858 818 3945 fimul,
844 3882 983 3956 negare,
1009 3857 1186 3934 nobilium

212 3975 257 4052 id
266 3975 405 4052 crimen
430 3977 520 4064 effe3
546 3975 740 4074 quibus,fi
772 3977 869 4051 nulla
882 3975 1038 4052 obstetur
1051 3977 1186 4070 fraude,

210 4117 327 4196 pateat
350 4095 409 4173 via
431 4099 479 4173 ad
507 4098 692 4186 honorem,
720 4094 780 4172 sed
794 4095 983 4174 hominum
1003 4123 1188 4174 novorum.
