3067 5342
353 709 399 804 5⁶
684 704 998 780 T.L1v11

354 888 379 921 “
400 877 450 952 illi
477 875 661 977 sperarent,
688 878 889 954 effrenatam
914 873 1095 951 licentiam
1111 873 1185 970 ejus
1206 871 1333 974 magis·

353 1008 379 1042 “
398 1020 505 1073 tratus
519 1001 636 1072 Patres
653 999 795 1088 laturos,
819 996 892 1072 falli
909 1023 980 1070 eos.
1028 993 1065 1070 Si
1078 991 1271 1069 tribunicia
1281 991 1336 1066 vii

355 1129 380 1162 “
400 1117 591 1194 tribunicio
608 1117 742 1192 auxilio
764 1117 885 1216 repelli
908 1136 1073 1214 nequeat,
1102 1113 1201 1187 aliud
1223 1115 1337 1188 telum

355 1247 381 1281 ‘¹
398 1241 515 1312 Patres
526 1235 729 1311 inventuros
740 1239 841 1310 effe.''
866 1234 1106 1334 Consulesque
1119 1234 1335 1331 increpabat,

353 1355 454 1454 quod
471 1357 541 1432 fide
558 1355 704 1453 publica
721 1355 840 1454 decipi
863 1356 1025 1432 tribunos
1044 1381 1105 1428 eos
1123 1354 1221 1430 taciti
1237 1352 1335 1428 tulis·

354 1475 440 1564 sent,
455 1475 518 1574 qui
531 1475 668 1552 senatus
684 1476 929 1554 auetoritatem
941 1474 1051 1554 secuti
1063 1477 1181 1550 effeut.
1230 1476 1336 1548 Haec

352 1599 531 1696 propalam
556 1597 876 1672 concionabundus
903 1595 942 1670 in
963 1595 1039 1676 dies
1055 1593 1169 1694 magis
1184 1597 1339 1695 augebat

354 1714 418 1792 iras
434 1715 635 1794 hominum.

406 1839 528 1910 XXX.
554 1839 725 1914 Senatum
751 1863 835 1915 vero
858 1836 1005 1914 incitare
1029 1835 1193 1910 adversus
1218 1838 1336 1934 legem

354 1956 451 2032 haud
461 1955 658 2032 desistebat:
678 1968 703 2000 “
723 1983 767 2032 ne
778 1957 878 2032 aliter
890 1956 1143 2032 descenderent
1153 1955 1191 2030 in
1202 1956 1337 2042 forum,

355 2086 381 2120 “
400 2101 516 2173 quum
533 2074 608 2150 dies
626 2076 789 2155 ferendae
805 2074 892 2178 legis
904 2077 1061 2164 venisset,
1089 2103 1199 2176 quam
1214 2097 1257 2150 ut
1270 2072 1336 2172 qui

356 2207 380 2240 “
399 2194 648 2284 meminiffent,
677 2197 739 2274 fibi
766 2222 831 2294 pro
860 2197 927 2276 aris
954 2195 1113 2298 focisque
1143 2200 1178 2270 ἃ
1213 2198 1336 2271 Deum

357 2327 382 2360 “
401 2316 542 2414 templis
560 2343 600 2390 ac
617 2315 703 2404 s010,
718 2317 756 2400 in
772 2344 847 2416 quo
864 2316 937 2391 nati
953 2319 1075 2404 essent,
1089 2315 1339 2394 dimicandum

216 2471 225 2488 ·
356 2447 381 2478 “
400 2435 485 2510 fore.
534 2439 632 2510 Nam
645 2439 746 2535 quod
756 2439 802 2512 ad
815 2436 847 2511 se
857 2437 1023 2536 privatim
1035 2437 1204 2523 adtineat,
1222 2434 1338 2510 fisuae

358 2567 383 2601 “
402 2555 531 2656 gloriae
547 2556 608 2640 fibi
620 2556 710 2632 inter
720 2557 990 2636 dimicationem
1000 2557 1130 2656 patriae
1142 2555 1340 2638 memiuiffe

357 2689 381 2722 “
400 2681 439 2752 fit
461 2676 524 2766 fas,
546 2677 608 2753 fibi
632 2680 793 2774 amplum
813 2704 959 2776 quoque
977 2681 1058 2767 effe,
1090 2681 1219 2754 urbem
1237 2680 1282 2751 ab
1303 2674 1337 2749 se

357 2809 383 2842 “
401 2819 540 2898 captam
551 2796 780 2895 frequentari,
798 2798 961 2895 quotidie
971 2796 1004 2872 se
1018 2797 1089 2871 frui
1102 2817 1339 2872 monumento

356 2929 381 2961 “
401 2917 530 3017 gloriae
548 2915 641 3004 suae,
669 2922 703 2991 δι
720 2939 801 2993 ante
814 2920 938 2992 oculos
952 2920 1080 2993 habere
1092 2919 1340 2993 urbemlatam

357 3049 381 3081 “
400 3037 439 3112 in
449 3037 632 3135 triumpho
643 3035 719 3124 suo,
731 3036 880 3112 insistere
890 3063 1013 3115 omnes
1023 3037 1177 3138 vestigiis
1187 3037 1339 3118 laudum

358 3168 382 3201 “
401 3155 554 3234 suarum.
590 3158 660 3234 Sed
674 3156 770 3231 nefas
784 3159 928 3245 ducere,
943 3156 1113 3233 desertam
1125 3184 1166 3232 ac
1180 3155 1337 3230 relistam

359 3288 383 3321 “
402 3280 447 3350 ab
465 3275 546 3351 Diis
563 3275 811 3352 immortalibus
832 3278 942 3359 incoli
963 3283 1111 3355 urb'emx
1144 3284 1177 3352 ὅτ
1200 3275 1239 3353 in
1254 3302 1337 3374 cap·

327 3403 329 3406 ’
362 3406 387 3439 “
407 3395 482 3469 tivo
499 3395 571 3472 solo
598 3395 754 3473 habitare
779 3401 956 3495 populum
977 3402 1202 3486 Romanum,
1228 3403 1263 3472 a
1283 3396 1337 3473 vi-

364 3526 389 3559 “
409 3513 515 3594 &rice
528 3514 639 3612 patria
648 3515 779 3590 vittam
791 3517 954 3600 mutari.'’
1003 3519 1076 3594 His
1085 3519 1338 3598 adhortationi·

357 3640 424 3711 bus
450 3633 618 3733 principis
645 3635 813 3710 concitati
836 3641 967 3727 Patres,
994 3638 1089 3714 senes
1105 3639 1339 3739 juvenesque,

356 3783 471 3856 quum
493 3755 641 3832 ferretur
660 3758 730 3845 lex,
754 3758 896 3856 agmine
917 3758 1010 3832 fatto
1032 3759 1070 3832 in
1095 3759 1213 3837 forum
1232 3786 1338 3834 vene-

354 3901 453 3952 runt:
480 3877 702 3974 diffipatique
719 3905 781 3976 per
793 3877 918 3966 tribus,
934 3879 1013 3954 suos
1028 3879 1178 3979 quisque
1191 3878 1339 3954 tribulet

354 3996 1080 4098 prensantes,orarecumlacrimiscoepere,
1092 4012 1117 4044 “
1130 4004 1339 4098 Neeampa-

354 4126 379 4160 “
398 4116 513 4204 triam,
528 4143 592 4215 pro
606 4115 859 4215 quafortiffime
872 4117 1136 4218 feliciffimeque
1152 4121 1212 4219 ipsi
1225 4147 1266 4196 ac
1277 4148 1338 4218 pa-
