<?xml version="1.0" encoding="UTF-8"?>
<!DOCTYPE html PUBLIC "-//W3C//DTD XHTML 1.0 Transitional//EN"
    "http://www.w3.org/TR/xhtml1/DTD/xhtml1-transitional.dtd">
<html xmlns="http://www.w3.org/1999/xhtml" xml:lang="en" lang="en">
 <head>
  <title>
</title>
<meta http-equiv="Content-Type" content="text/html;charset=utf-8" />
  <meta name='ocr-system' content='tesseract 3.04.00' />
  <meta name='ocr-capabilities' content='ocr_page ocr_carea ocr_par ocr_line ocrx_word'/>
</head>
<body>
  <div class='ocr_page' id='page_1' title='image "./tliviipatavinih00homegoog_0204.png"; bbox 0 0 3067 5342; ppageno 0'>
   <div class='ocr_carea' id='block_1_1' title="bbox 398 697 1042 799">
    <p class='ocr_par' dir='ltr' id='par_1_1' title="bbox 398 697 1042 799">
     <span class='ocr_line' id='line_1_1' title="bbox 398 697 1042 799; baseline 0.009 -23"><span class='ocrx_word' id='word_1_1' title='bbox 398 697 466 799; x_wconf 88' lang='lat'>196</span> <span class='ocrx_word' id='word_1_2' title='bbox 726 705 1042 782; x_wconf 86' lang='lat' dir='ltr'>T.L1vrr</span> 
     </span>
    </p>
   </div>
   <div class='ocr_carea' id='block_1_2' title="bbox 388 851 1502 2066">
    <p class='ocr_par' dir='ltr' id='par_1_2' title="bbox 388 851 1502 2066">
     <span class='ocr_line' id='line_1_2' title="bbox 396 851 1502 984; baseline 0.013 -36"><span class='ocrx_word' id='word_1_3' title='bbox 396 872 521 950; x_wconf 89' lang='lat' dir='ltr'>dinem</span> <span class='ocrx_word' id='word_1_4' title='bbox 535 893 617 950; x_wconf 85' lang='lat' dir='ltr'>ante</span> <span class='ocrx_word' id='word_1_5' title='bbox 638 879 794 969; x_wconf 87' lang='lat' dir='ltr'>moenia,</span> <span class='ocrx_word' id='word_1_6' title='bbox 820 905 939 980; x_wconf 87' lang='lat' dir='ltr'>neque</span> <span class='ocrx_word' id='word_1_7' title='bbox 965 882 1091 974; x_wconf 82' lang='lat' dir='ltr'>alium,</span> <span class='ocrx_word' id='word_1_8' title='bbox 1113 909 1223 984; x_wconf 87' lang='lat' dir='ltr'>quam</span> <span class='ocrx_word' id='word_1_9' title='bbox 1241 886 1373 963; x_wconf 71' lang='lat' dir='ltr'>Tibur</span> <span class='ocrx_word' id='word_1_10' title='bbox 1497 851 1502 955; x_wconf 81' lang='lat' dir='ltr'>l</span> 
     </span>
     <span class='ocr_line' id='line_1_3' title="bbox 395 995 1373 1106; baseline 0.015 -41"><span class='ocrx_word' id='word_1_11' title='bbox 395 1013 483 1082; x_wconf 90' lang='lat' dir='ltr'>tem,</span> <span class='ocrx_word' id='word_1_12' title='bbox 517 995 654 1071; x_wconf 89' lang='lat' dir='ltr'>hostem</span> <span class='ocrx_word' id='word_1_13' title='bbox 675 999 843 1092; x_wconf 89' lang='lat' dir='ltr'>ostendit,</span> <span class='ocrx_word' id='word_1_14' title='bbox 877 1003 1017 1080; x_wconf 85' lang='lat' dir='ltr'>duabus</span> <span class='ocrx_word' id='word_1_15' title='bbox 1030 1004 1140 1104; x_wconf 91' lang='lat' dir='ltr'>portis</span> <span class='ocrx_word' id='word_1_16' title='bbox 1156 1009 1275 1106; x_wconf 83' lang='lat' dir='ltr'>egreffi</span> <span class='ocrx_word' id='word_1_17' title='bbox 1288 1031 1373 1080; x_wconf 92' lang='lat' dir='ltr'>con·</span> 
     </span>
     <span class='ocr_line' id='line_1_4' title="bbox 394 1112 1374 1222; baseline 0.013 -35"><span class='ocrx_word' id='word_1_18' title='bbox 394 1112 484 1188; x_wconf 85' lang='lat' dir='ltr'>sules</span> <span class='ocrx_word' id='word_1_19' title='bbox 500 1114 683 1215; x_wconf 89' lang='lat' dir='ltr'>utrimque</span> <span class='ocrx_word' id='word_1_20' title='bbox 699 1119 813 1196; x_wconf 81' lang='lat' dir='ltr'>aciem</span> <span class='ocrx_word' id='word_1_21' title='bbox 836 1122 1066 1200; x_wconf 88' lang='lat' dir='ltr'>subeuntium</span> <span class='ocrx_word' id='word_1_22' title='bbox 1083 1127 1160 1222; x_wconf 89' lang='lat' dir='ltr'>jam</span> <span class='ocrx_word' id='word_1_23' title='bbox 1177 1151 1298 1216; x_wconf 85' lang='lat' dir='ltr'>mutos</span> <span class='ocrx_word' id='word_1_24' title='bbox 1314 1126 1374 1200; x_wconf 89' lang='lat' dir='ltr'>ad·</span> 
     </span>
     <span class='ocr_line' id='line_1_5' title="bbox 393 1234 1375 1348; baseline 0.015 -41"><span class='ocrx_word' id='word_1_25' title='bbox 393 1234 620 1334; x_wconf 76' lang='lat' dir='ltr'>grediunturr</span> <span class='ocrx_word' id='word_1_26' title='bbox 646 1239 879 1341; x_wconf 86' lang='lat' dir='ltr'>adparuitque</span> <span class='ocrx_word' id='word_1_27' title='bbox 905 1249 1083 1320; x_wconf 74' lang='lat' dir='ltr'>occasione</span> <span class='ocrx_word' id='word_1_28' title='bbox 1109 1245 1236 1348; x_wconf 84' lang='lat' dir='ltr'>magis,</span> <span class='ocrx_word' id='word_1_29' title='bbox 1265 1271 1375 1344; x_wconf 82' lang='lat' dir='ltr'>quam</span> 
     </span>
     <span class='ocr_line' id='line_1_6' title="bbox 391 1352 1374 1464; baseline 0.012 -37"><span class='ocrx_word' id='word_1_30' title='bbox 391 1352 537 1442; x_wconf 86' lang='lat' dir='ltr'>virtute,</span> <span class='ocrx_word' id='word_1_31' title='bbox 562 1354 668 1431; x_wconf 87' lang='lat' dir='ltr'>fretos</span> <span class='ocrx_word' id='word_1_32' title='bbox 694 1361 836 1438; x_wconf 87' lang='lat' dir='ltr'>venisse.</span> <span class='ocrx_word' id='word_1_33' title='bbox 886 1366 992 1440; x_wconf 88' lang='lat' dir='ltr'>Adeo</span> <span class='ocrx_word' id='word_1_34' title='bbox 1015 1364 1076 1440; x_wconf 90' lang='lat' dir='ltr'>vix</span> <span class='ocrx_word' id='word_1_35' title='bbox 1099 1362 1257 1464; x_wconf 86' lang='lat' dir='ltr'>primum</span> <span class='ocrx_word' id='word_1_36' title='bbox 1274 1363 1374 1464; x_wconf 90' lang='lat' dir='ltr'>inpe-</span> 
     </span>
     <span class='ocr_line' id='line_1_7' title="bbox 392 1477 1373 1589; baseline 0.014 -42"><span class='ocrx_word' id='word_1_37' title='bbox 392 1491 472 1548; x_wconf 92' lang='lat' dir='ltr'>tum</span> <span class='ocrx_word' id='word_1_38' title='bbox 494 1477 744 1553; x_wconf 85' lang='lat' dir='ltr'>Romanorum</span> <span class='ocrx_word' id='word_1_39' title='bbox 760 1478 962 1560; x_wconf 90' lang='lat' dir='ltr'>sustinuere.</span> <span class='ocrx_word' id='word_1_40' title='bbox 1012 1485 1113 1589; x_wconf 84' lang='lat' dir='ltr'>Qrin</span> <span class='ocrx_word' id='word_1_41' title='bbox 1143 1486 1250 1560; x_wconf 86' lang='lat' dir='ltr'>etiam</span> <span class='ocrx_word' id='word_1_42' title='bbox 1275 1489 1373 1561; x_wconf 91' lang='lat' dir='ltr'>bono</span> 
     </span>
     <span class='ocr_line' id='line_1_8' title="bbox 391 1593 1371 1694; baseline 0.013 -27"><span class='ocrx_word' id='word_1_43' title='bbox 391 1593 492 1667; x_wconf 85' lang='lat' dir='ltr'>suiffe</span> <span class='ocrx_word' id='word_1_44' title='bbox 511 1595 685 1672; x_wconf 86' lang='lat' dir='ltr'>Romanis</span> <span class='ocrx_word' id='word_1_45' title='bbox 708 1601 902 1679; x_wconf 86' lang='lat' dir='ltr'>adventum</span> <span class='ocrx_word' id='word_1_46' title='bbox 925 1631 1050 1680; x_wconf 88' lang='lat' dir='ltr'>eorum</span> <span class='ocrx_word' id='word_1_47' title='bbox 1074 1605 1268 1694; x_wconf 83' lang='lat' dir='ltr'>constabat,</span> <span class='ocrx_word' id='word_1_48' title='bbox 1303 1603 1371 1680; x_wconf 91' lang='lat' dir='ltr'>ori-</span> 
     </span>
     <span class='ocr_line' id='line_1_9' title="bbox 388 1716 1374 1825; baseline 0.012 -34"><span class='ocrx_word' id='word_1_49' title='bbox 388 1735 581 1813; x_wconf 85' lang='lat' dir='ltr'>entemque</span> <span class='ocrx_word' id='word_1_50' title='bbox 590 1716 665 1812; x_wconf 87' lang='lat' dir='ltr'>jam</span> <span class='ocrx_word' id='word_1_51' title='bbox 682 1720 890 1800; x_wconf 87' lang='lat' dir='ltr'>seditionem</span> <span class='ocrx_word' id='word_1_52' title='bbox 920 1725 1010 1800; x_wconf 90' lang='lat' dir='ltr'>inter</span> <span class='ocrx_word' id='word_1_53' title='bbox 1032 1730 1205 1800; x_wconf 87' lang='lat' dir='ltr'>Patres&amp;</span> <span class='ocrx_word' id='word_1_54' title='bbox 1228 1727 1374 1825; x_wconf 86' lang='lat' dir='ltr'>plebem</span> 
     </span>
     <span class='ocr_line' id='line_1_10' title="bbox 390 1845 1372 1950; baseline -0.009 -21"><span class='ocrx_word' id='word_1_55' title='bbox 390 1869 491 1929; x_wconf 87' lang='lat' dir='ltr'>metu</span> <span class='ocrx_word' id='word_1_56' title='bbox 524 1856 597 1928; x_wconf 82' lang='lat' dir='ltr'>tam</span> <span class='ocrx_word' id='word_1_57' title='bbox 626 1847 819 1950; x_wconf 90' lang='lat' dir='ltr'>propinqui</span> <span class='ocrx_word' id='word_1_58' title='bbox 849 1846 933 1922; x_wconf 87' lang='lat' dir='ltr'>belli</span> <span class='ocrx_word' id='word_1_59' title='bbox 965 1848 1208 1943; x_wconf 84' lang='lat' dir='ltr'>compressam.</span> <span class='ocrx_word' id='word_1_60' title='bbox 1265 1845 1372 1920; x_wconf 88' lang='lat' dir='ltr'>Alius</span> 
     </span>
     <span class='ocr_line' id='line_1_11' title="bbox 389 1965 1369 2066; baseline -0.007 -19"><span class='ocrx_word' id='word_1_61' title='bbox 389 1976 563 2049; x_wconf 87' lang='lat' dir='ltr'>adventus</span> <span class='ocrx_word' id='word_1_62' title='bbox 604 1970 760 2046; x_wconf 87' lang='lat' dir='ltr'>hostium</span> <span class='ocrx_word' id='word_1_63' title='bbox 802 1965 871 2042; x_wconf 90' lang='lat' dir='ltr'>suit</span> <span class='ocrx_word' id='word_1_64' title='bbox 911 1966 1077 2066; x_wconf 88' lang='lat' dir='ltr'>proximo</span> <span class='ocrx_word' id='word_1_65' title='bbox 1111 1967 1219 2054; x_wconf 89' lang='lat' dir='ltr'>bello,</span> <span class='ocrx_word' id='word_1_66' title='bbox 1263 1965 1369 2066; x_wconf 80' lang='lat' dir='ltr'>agris,</span> 
     </span>
    </p>
   </div>
   <div class='ocr_carea' id='block_1_3' title="bbox 230 2085 1369 2307">
    <p class='ocr_par' dir='ltr' id='par_1_3' title="bbox 230 2085 1369 2307">
     <span class='ocr_line' id='line_1_12' title="bbox 230 2085 1369 2192; baseline -0.009 -24"><span class='ocrx_word' id='word_1_67' title='bbox 230 2147 235 2156; x_wconf 81' lang='lat'><em>-</em></span> <span class='ocrx_word' id='word_1_68' title='bbox 389 2119 500 2192; x_wconf 91' lang='lat' dir='ltr'>quam</span> <span class='ocrx_word' id='word_1_69' title='bbox 525 2092 620 2180; x_wconf 89' lang='lat' dir='ltr'>urbi,</span> <span class='ocrx_word' id='word_1_70' title='bbox 647 2087 845 2164; x_wconf 86' lang='lat' dir='ltr'>terribilior.</span> <span class='ocrx_word' id='word_1_71' title='bbox 895 2087 1148 2186; x_wconf 90' lang='lat' dir='ltr'>Populabundi</span> <span class='ocrx_word' id='word_1_72' title='bbox 1174 2085 1369 2184; x_wconf 86' lang='lat' dir='ltr'>Tarquini-</span> 
     </span>
     <span class='ocr_line' id='line_1_13' title="bbox 257 2207 1368 2307; baseline -0.004 -21"><span class='ocrx_word' id='word_1_73' title='bbox 257 2229 263 2234; x_wconf 84' lang='grc'><em>“</em></span> <span class='ocrx_word' id='word_1_74' title='bbox 387 2210 484 2286; x_wconf 87' lang='lat' dir='ltr'>enses</span> <span class='ocrx_word' id='word_1_75' title='bbox 501 2214 589 2284; x_wconf 87' lang='lat' dir='ltr'>fines</span> <span class='ocrx_word' id='word_1_76' title='bbox 603 2214 799 2295; x_wconf 90' lang='lat' dir='ltr'>Romanos,</span> <span class='ocrx_word' id='word_1_77' title='bbox 827 2207 982 2282; x_wconf 78' lang='lat' dir='ltr'>maxime</span> <span class='ocrx_word' id='word_1_78' title='bbox 1003 2233 1075 2307; x_wconf 88' lang='lat' dir='ltr'>qua</span> <span class='ocrx_word' id='word_1_79' title='bbox 1087 2233 1133 2281; x_wconf 87' lang='lat' dir='ltr'>ex</span> <span class='ocrx_word' id='word_1_80' title='bbox 1147 2227 1244 2305; x_wconf 89' lang='lat' dir='ltr'>parte</span> <span class='ocrx_word' id='word_1_81' title='bbox 1263 2209 1368 2282; x_wconf 91' lang='lat' dir='ltr'>Etru·</span> 
     </span>
    </p>
   </div>
   <div class='ocr_carea' id='block_1_4' title="bbox 384 2325 1366 2908">
    <p class='ocr_par' dir='ltr' id='par_1_4' title="bbox 384 2325 1366 2908">
     <span class='ocr_line' id='line_1_14' title="bbox 388 2325 1366 2428; baseline 0 -26"><span class='ocrx_word' id='word_1_82' title='bbox 388 2328 477 2402; x_wconf 85' lang='lat' dir='ltr'>riam</span> <span class='ocrx_word' id='word_1_83' title='bbox 502 2325 675 2425; x_wconf 83' lang='lat' dir='ltr'>adjacent,</span> <span class='ocrx_word' id='word_1_84' title='bbox 714 2352 957 2428; x_wconf 82' lang='lat' dir='ltr'>peragravere:</span> <span class='ocrx_word' id='word_1_85' title='bbox 1002 2325 1178 2426; x_wconf 89' lang='lat' dir='ltr'>rebusque</span> <span class='ocrx_word' id='word_1_86' title='bbox 1214 2327 1366 2426; x_wconf 80' lang='lat' dir='ltr'>nequid·</span> 
     </span>
     <span class='ocr_line' id='line_1_15' title="bbox 386 2445 1365 2548; baseline 0.002 -27"><span class='ocrx_word' id='word_1_87' title='bbox 386 2475 499 2548; x_wconf 90' lang='lat' dir='ltr'>quam</span> <span class='ocrx_word' id='word_1_88' title='bbox 525 2446 696 2546; x_wconf 87' lang='lat' dir='ltr'>repetitis,</span> <span class='ocrx_word' id='word_1_89' title='bbox 724 2446 810 2521; x_wconf 91' lang='lat' dir='ltr'>novi</span> <span class='ocrx_word' id='word_1_90' title='bbox 839 2447 997 2522; x_wconf 87' lang='lat' dir='ltr'>consules</span> <span class='ocrx_word' id='word_1_91' title='bbox 1031 2448 1075 2520; x_wconf 93' lang='lat' dir='ltr'>C.</span> <span class='ocrx_word' id='word_1_92' title='bbox 1102 2445 1294 2523; x_wconf 87' lang='lat' dir='ltr'>Fabius&amp;</span> <span class='ocrx_word' id='word_1_93' title='bbox 1323 2451 1365 2524; x_wconf 92' lang='lat' dir='ltr'>C.</span> 
     </span>
     <span class='ocr_line' id='line_1_16' title="bbox 386 2565 1364 2668; baseline -0.003 -23"><span class='ocrx_word' id='word_1_94' title='bbox 386 2569 548 2645; x_wconf 89' lang='lat' dir='ltr'>Plautius</span> <span class='ocrx_word' id='word_1_95' title='bbox 558 2568 653 2666; x_wconf 87' lang='lat' dir='ltr'>juffu</span> <span class='ocrx_word' id='word_1_96' title='bbox 671 2565 795 2668; x_wconf 90' lang='lat' dir='ltr'>populi</span> <span class='ocrx_word' id='word_1_97' title='bbox 815 2569 949 2642; x_wconf 92' lang='lat' dir='ltr'>bellum</span> <span class='ocrx_word' id='word_1_98' title='bbox 964 2567 1144 2656; x_wconf 81' lang='lat' dir='ltr'>indixere3</span> <span class='ocrx_word' id='word_1_99' title='bbox 1179 2567 1364 2668; x_wconf 87' lang='lat' dir='ltr'>Fabioque</span> 
     </span>
     <span class='ocr_line' id='line_1_17' title="bbox 384 2685 1365 2786; baseline -0.003 -23"><span class='ocrx_word' id='word_1_100' title='bbox 384 2715 427 2764; x_wconf 88' lang='lat' dir='ltr'>ea</span> <span class='ocrx_word' id='word_1_101' title='bbox 450 2686 645 2786; x_wconf 86' lang='lat' dir='ltr'>provincia,</span> <span class='ocrx_word' id='word_1_102' title='bbox 678 2685 819 2762; x_wconf 87' lang='lat' dir='ltr'>Plautio</span> <span class='ocrx_word' id='word_1_103' title='bbox 845 2685 997 2762; x_wconf 91' lang='lat' dir='ltr'>Hernici</span> <span class='ocrx_word' id='word_1_104' title='bbox 1027 2713 1185 2762; x_wconf 88' lang='lat' dir='ltr'>evenere.</span> <span class='ocrx_word' id='word_1_105' title='bbox 1235 2687 1365 2762; x_wconf 88' lang='lat' dir='ltr'>Gallici</span> 
     </span>
     <span class='ocr_line' id='line_1_18' title="bbox 386 2805 1365 2908; baseline -0.003 -25"><span class='ocrx_word' id='word_1_106' title='bbox 386 2834 535 2908; x_wconf 89' lang='lat' dir='ltr'>quoque</span> <span class='ocrx_word' id='word_1_107' title='bbox 548 2805 739 2884; x_wconf 80' lang='lat' dir='ltr'>b&#39;ellisama</span> <span class='ocrx_word' id='word_1_108' title='bbox 753 2806 1038 2882; x_wconf 85' lang='lat' dir='ltr'>increbrescebat.</span> <span class='ocrx_word' id='word_1_109' title='bbox 1088 2807 1159 2880; x_wconf 91' lang='lat' dir='ltr'>Sed</span> <span class='ocrx_word' id='word_1_110' title='bbox 1169 2805 1260 2881; x_wconf 87' lang='lat' dir='ltr'>inter</span> <span class='ocrx_word' id='word_1_111' title='bbox 1271 2809 1365 2880; x_wconf 92' lang='lat' dir='ltr'>mul·</span> 
     </span>
    </p>
   </div>
   <div class='ocr_carea' id='block_1_5' title="bbox 380 2924 1506 3503">
    <p class='ocr_par' dir='ltr' id='par_1_5' title="bbox 380 2924 1506 3503">
     <span class='ocr_line' id='line_1_19' title="bbox 383 2924 1364 3024; baseline -0.004 -21"><span class='ocrx_word' id='word_1_112' title='bbox 383 2951 438 3003; x_wconf 85' lang='lat' dir='ltr'>tos</span> <span class='ocrx_word' id='word_1_113' title='bbox 455 2952 602 3003; x_wconf 83' lang='lat' dir='ltr'>terrores</span> <span class='ocrx_word' id='word_1_114' title='bbox 615 2925 736 3001; x_wconf 85' lang='lat' dir='ltr'>solatio</span> <span class='ocrx_word' id='word_1_115' title='bbox 753 2925 823 3001; x_wconf 87' lang='lat' dir='ltr'>fuit</span> <span class='ocrx_word' id='word_1_116' title='bbox 835 2953 905 3024; x_wconf 83' lang='lat' dir='ltr'>pax</span> <span class='ocrx_word' id='word_1_117' title='bbox 922 2924 1061 3000; x_wconf 83' lang='lat' dir='ltr'>Latinis</span> <span class='ocrx_word' id='word_1_118' title='bbox 1080 2925 1286 3023; x_wconf 86' lang='lat' dir='ltr'>petentibus</span> <span class='ocrx_word' id='word_1_119' title='bbox 1303 2928 1364 3000; x_wconf 86' lang='lat' dir='ltr'>da·</span> 
     </span>
     <span class='ocr_line' id='line_1_20' title="bbox 382 3029 1506 3146; baseline -0.004 -22"><span class='ocrx_word' id='word_1_120' title='bbox 382 3068 431 3137; x_wconf 86' lang='lat' dir='ltr'>ta,</span> <span class='ocrx_word' id='word_1_121' title='bbox 459 3052 494 3122; x_wconf 72' lang='lat' dir='ltr'>tc</span> <span class='ocrx_word' id='word_1_122' title='bbox 510 3072 639 3146; x_wconf 83' lang='lat' dir='ltr'>magna</span> <span class='ocrx_word' id='word_1_123' title='bbox 652 3046 705 3120; x_wconf 87' lang='lat' dir='ltr'>vis</span> <span class='ocrx_word' id='word_1_124' title='bbox 721 3045 880 3121; x_wconf 89' lang='lat' dir='ltr'>militum</span> <span class='ocrx_word' id='word_1_125' title='bbox 894 3048 939 3119; x_wconf 88' lang='lat' dir='ltr'>ab</span> <span class='ocrx_word' id='word_1_126' title='bbox 964 3043 1007 3118; x_wconf 89' lang='lat' dir='ltr'>iis</span> <span class='ocrx_word' id='word_1_127' title='bbox 1023 3071 1069 3120; x_wconf 87' lang='lat' dir='ltr'>ex</span> <span class='ocrx_word' id='word_1_128' title='bbox 1091 3045 1232 3120; x_wconf 87' lang='lat' dir='ltr'>foedere</span> <span class='ocrx_word' id='word_1_129' title='bbox 1249 3044 1363 3120; x_wconf 89' lang='lat' dir='ltr'>vetus·</span> <span class='ocrx_word' id='word_1_130' title='bbox 1505 3029 1506 3090; x_wconf 67' lang='lat' dir='ltr'>l</span> 
     </span>
     <span class='ocr_line' id='line_1_21' title="bbox 382 3163 1506 3265; baseline -0.004 -22"><span class='ocrx_word' id='word_1_131' title='bbox 382 3189 434 3256; x_wconf 88' lang='lat' dir='ltr'>to,</span> <span class='ocrx_word' id='word_1_132' title='bbox 478 3168 579 3265; x_wconf 93' lang='lat' dir='ltr'>quod</span> <span class='ocrx_word' id='word_1_133' title='bbox 613 3165 734 3240; x_wconf 91' lang='lat' dir='ltr'>multis</span> <span class='ocrx_word' id='word_1_134' title='bbox 765 3164 1022 3240; x_wconf 81' lang='lat' dir='ltr'>intermiserant</span> <span class='ocrx_word' id='word_1_135' title='bbox 1052 3163 1167 3253; x_wconf 90' lang='lat' dir='ltr'>annis,</span> <span class='ocrx_word' id='word_1_136' title='bbox 1208 3187 1362 3262; x_wconf 79' lang='lat' dir='ltr'>accepta</span> <span class='ocrx_word' id='word_1_137' title='bbox 1505 3239 1506 3246; x_wconf 69' lang='grc'>,</span> 
     </span>
     <span class='ocr_line' id='line_1_22' title="bbox 380 3267 1506 3387; baseline -0.004 -26"><span class='ocrx_word' id='word_1_138' title='bbox 380 3293 469 3387; x_wconf 84' lang='lat' dir='ltr'>Qro</span> <span class='ocrx_word' id='word_1_139' title='bbox 481 3285 650 3383; x_wconf 83' lang='lat' dir='ltr'>praesidio</span> <span class='ocrx_word' id='word_1_140' title='bbox 664 3310 781 3383; x_wconf 92' lang='lat' dir='ltr'>quum</span> <span class='ocrx_word' id='word_1_141' title='bbox 797 3285 886 3359; x_wconf 84' lang='lat' dir='ltr'>fulta</span> <span class='ocrx_word' id='word_1_142' title='bbox 898 3311 951 3360; x_wconf 91' lang='lat' dir='ltr'>res</span> <span class='ocrx_word' id='word_1_143' title='bbox 968 3289 1135 3360; x_wconf 86' lang='lat' dir='ltr'>Romana</span> <span class='ocrx_word' id='word_1_144' title='bbox 1150 3287 1246 3374; x_wconf 84' lang='lat' dir='ltr'>esset,</span> <span class='ocrx_word' id='word_1_145' title='bbox 1276 3285 1361 3360; x_wconf 90' lang='lat' dir='ltr'>levi·</span> <span class='ocrx_word' id='word_1_146' title='bbox 1505 3267 1506 3320; x_wconf 76' lang='lat'>1</span> 
     </span>
     <span class='ocr_line' id='line_1_23' title="bbox 381 3403 1506 3503; baseline 0.002 -24"><span class='ocrx_word' id='word_1_147' title='bbox 381 3431 426 3479; x_wconf 84' lang='lat' dir='ltr'>us</span> <span class='ocrx_word' id='word_1_148' title='bbox 445 3403 528 3492; x_wconf 89' lang='lat' dir='ltr'>suit,</span> <span class='ocrx_word' id='word_1_149' title='bbox 556 3405 657 3503; x_wconf 93' lang='lat' dir='ltr'>quod</span> <span class='ocrx_word' id='word_1_150' title='bbox 679 3407 800 3479; x_wconf 90' lang='lat' dir='ltr'>Gallos</span> <span class='ocrx_word' id='word_1_151' title='bbox 827 3431 913 3478; x_wconf 85' lang='lat' dir='ltr'>mox</span> <span class='ocrx_word' id='word_1_152' title='bbox 935 3405 1117 3481; x_wconf 87' lang='lat' dir='ltr'>Praeneste</span> <span class='ocrx_word' id='word_1_153' title='bbox 1134 3404 1277 3492; x_wconf 80' lang='lat' dir='ltr'>venisse,</span> <span class='ocrx_word' id='word_1_154' title='bbox 1311 3427 1361 3480; x_wconf 88' lang='lat' dir='ltr'>at·</span> <span class='ocrx_word' id='word_1_155' title='bbox 1505 3423 1506 3428; x_wconf 77' lang='grc'>’</span> 
     </span>
    </p>
   </div>
   <div class='ocr_carea' id='block_1_6' title="bbox 374 3520 1363 4214">
    <p class='ocr_par' dir='ltr' id='par_1_6' title="bbox 374 3520 1363 4214">
     <span class='ocr_line' id='line_1_24' title="bbox 380 3520 1362 3624; baseline 0.003 -29"><span class='ocrx_word' id='word_1_156' title='bbox 380 3549 452 3624; x_wconf 89' lang='lat' dir='ltr'>que</span> <span class='ocrx_word' id='word_1_157' title='bbox 478 3520 563 3596; x_wconf 89' lang='lat' dir='ltr'>inde</span> <span class='ocrx_word' id='word_1_158' title='bbox 589 3522 683 3596; x_wconf 87' lang='lat' dir='ltr'>circa</span> <span class='ocrx_word' id='word_1_159' title='bbox 708 3525 850 3598; x_wconf 89' lang='lat' dir='ltr'>Pedum</span> <span class='ocrx_word' id='word_1_160' title='bbox 873 3523 1076 3614; x_wconf 86' lang='lat' dir='ltr'>consedisse,</span> <span class='ocrx_word' id='word_1_161' title='bbox 1110 3523 1276 3600; x_wconf 89' lang='lat' dir='ltr'>auditum</span> <span class='ocrx_word' id='word_1_162' title='bbox 1300 3525 1362 3598; x_wconf 91' lang='lat' dir='ltr'>est.</span> 
     </span>
     <span class='ocr_line' id='line_1_25' title="bbox 380 3641 1363 3744; baseline -0.001 -25"><span class='ocrx_word' id='word_1_163' title='bbox 380 3643 602 3720; x_wconf 71' lang='lat' dir='ltr'>Distatorem</span> <span class='ocrx_word' id='word_1_164' title='bbox 629 3641 702 3718; x_wconf 92' lang='lat' dir='ltr'>dici</span> <span class='ocrx_word' id='word_1_165' title='bbox 731 3645 774 3717; x_wconf 89' lang='lat' dir='ltr'>C.</span> <span class='ocrx_word' id='word_1_166' title='bbox 806 3643 1007 3742; x_wconf 88' lang='lat' dir='ltr'>Sulpicium</span> <span class='ocrx_word' id='word_1_167' title='bbox 1032 3643 1176 3744; x_wconf 89' lang='lat' dir='ltr'>placuit.</span> <span class='ocrx_word' id='word_1_168' title='bbox 1226 3643 1363 3718; x_wconf 92' lang='lat' dir='ltr'>Consul</span> 
     </span>
     <span class='ocr_line' id='line_1_26' title="bbox 377 3761 1361 3864; baseline -0.004 -23"><span class='ocrx_word' id='word_1_169' title='bbox 377 3767 426 3841; x_wconf 90' lang='lat' dir='ltr'>ad</span> <span class='ocrx_word' id='word_1_170' title='bbox 446 3763 486 3839; x_wconf 92' lang='lat' dir='ltr'>id</span> <span class='ocrx_word' id='word_1_171' title='bbox 505 3763 644 3840; x_wconf 90' lang='lat' dir='ltr'>adcitus</span> <span class='ocrx_word' id='word_1_172' title='bbox 670 3765 713 3839; x_wconf 86' lang='lat' dir='ltr'>C.</span> <span class='ocrx_word' id='word_1_173' title='bbox 730 3761 892 3839; x_wconf 85' lang='lat' dir='ltr'>Plautius</span> <span class='ocrx_word' id='word_1_174' title='bbox 914 3763 1019 3838; x_wconf 88' lang='lat' dir='ltr'>dixit.</span> <span class='ocrx_word' id='word_1_175' title='bbox 1068 3763 1242 3864; x_wconf 87' lang='lat' dir='ltr'>Magister</span> <span class='ocrx_word' id='word_1_176' title='bbox 1258 3763 1361 3863; x_wconf 78' lang='lat' dir='ltr'>equj·</span> 
     </span>
     <span class='ocr_line' id='line_1_27' title="bbox 377 3881 1361 3962; baseline -0.004 0"><span class='ocrx_word' id='word_1_177' title='bbox 377 3907 458 3962; x_wconf 88' lang='lat' dir='ltr'>tum</span> <span class='ocrx_word' id='word_1_178' title='bbox 483 3882 646 3959; x_wconf 67' lang='lat' dir='ltr'>didatori</span> <span class='ocrx_word' id='word_1_179' title='bbox 675 3882 819 3958; x_wconf 86' lang='lat' dir='ltr'>additus</span> <span class='ocrx_word' id='word_1_180' title='bbox 850 3885 909 3958; x_wconf 91' lang='lat' dir='ltr'>M.</span> <span class='ocrx_word' id='word_1_181' title='bbox 930 3883 1101 3959; x_wconf 87' lang='lat' dir='ltr'>Valerius.</span> <span class='ocrx_word' id='word_1_182' title='bbox 1151 3881 1208 3958; x_wconf 94' lang='lat' dir='ltr'>Hi</span> <span class='ocrx_word' id='word_1_183' title='bbox 1235 3887 1361 3958; x_wconf 82' lang='lat' dir='ltr'>robora</span> 
     </span>
     <span class='ocr_line' id='line_1_28' title="bbox 378 4000 1358 4092; baseline -0.002 -12"><span class='ocrx_word' id='word_1_184' title='bbox 378 4003 550 4092; x_wconf 86' lang='lat' dir='ltr'>rnilitum,</span> <span class='ocrx_word' id='word_1_185' title='bbox 599 4029 644 4078; x_wconf 85' lang='lat' dir='ltr'>ert</span> <span class='ocrx_word' id='word_1_186' title='bbox 687 4005 831 4078; x_wconf 90' lang='lat' dir='ltr'>duobus</span> <span class='ocrx_word' id='word_1_187' title='bbox 863 4000 1105 4078; x_wconf 88' lang='lat' dir='ltr'>consularibus</span> <span class='ocrx_word' id='word_1_188' title='bbox 1144 4003 1358 4079; x_wconf 83' lang='lat' dir='ltr'>exercitibus</span> 
     </span>
     <span class='ocr_line' id='line_1_29' title="bbox 374 4120 1356 4214; baseline -0.001 -15"><span class='ocrx_word' id='word_1_189' title='bbox 374 4126 498 4212; x_wconf 73' lang='lat' dir='ltr'>electa,</span> <span class='ocrx_word' id='word_1_190' title='bbox 540 4120 704 4197; x_wconf 86' lang='lat' dir='ltr'>adversus</span> <span class='ocrx_word' id='word_1_191' title='bbox 731 4123 854 4198; x_wconf 85' lang='lat' dir='ltr'>Gallos</span> <span class='ocrx_word' id='word_1_192' title='bbox 887 4123 1080 4197; x_wconf 89' lang='lat' dir='ltr'>duxerunt.</span> <span class='ocrx_word' id='word_1_193' title='bbox 1135 4123 1288 4214; x_wconf 73' lang='lat' dir='ltr'>Lentim</span> <span class='ocrx_word' id='word_1_194' title='bbox 1318 4122 1356 4198; x_wconf 93' lang='lat' dir='ltr'>id</span> 
     </span>
    </p>
   </div>
   <div class='ocr_carea' id='block_1_7' title="bbox 0 0 1538 5342">
    <p class='ocr_par' dir='ltr' id='par_1_7' title="bbox 0 0 1538 5342">
     <span class='ocr_line' id='line_1_30' title="bbox 0 0 1538 5342; baseline 0 8"><span class='ocrx_word' id='word_1_195' title='bbox 0 0 1538 5342; x_wconf 95' lang='lat' dir='ltr'> </span> 
     </span>
    </p>
   </div>
  </div>
 </body>
</html>
