3067 5342
367 653 438 728 208
685 655 1001 729 T.Lrvrr

362 827 615 928 “patiendum
640 829 708 902 esse
733 825 867 926 potius,
897 853 1007 926 quarn
1030 829 1155 902 ambos
1178 823 1346 924 patricios

363 958 390 993 “
408 947 567 1024 consules
592 946 750 1036 videant,
781 947 900 1022 necin
921 947 1038 1023 vicem
1062 967 1223 1046 pareatur
1238 967 1348 1046 atque

363 1078 390 1113 ‘⁸
407 1067 616 1166 imperetur3
647 1067 708 1143 sed
729 1093 806 1166 pars
822 1069 940 1156 altera,
965 1067 1003 1141 in
1030 1087 1171 1141 aeterno
1194 1066 1347 1165 imperio

364 1199 390 1232 “
407 1190 534 1276 locata,
563 1191 706 1288 plebem
723 1186 899 1286 nusquam
914 1186 984 1262 alio
999 1207 1131 1276 natam,
1163 1211 1273 1284 quam
1300 1187 1348 1260 ad

364 1319 390 1352 “
408 1307 644 1396 serviendum,
673 1309 809 1406 putet.”
859 1310 946 1382 Non
966 1306 1093 1382 desunt
1110 1305 1246 1382 tribuni
1261 1333 1347 1382 auc·

362 1449 455 1504 tores
467 1431 674 1516 turbarum3
702 1425 763 1502 sed
779 1425 870 1502 inter
884 1427 1077 1502 concitatos
1094 1425 1203 1526 perse
1217 1451 1346 1501 omnes

362 1547 426 1624 vix
442 1550 552 1624 duces
564 1547 734 1623 eminent.
770 1547 973 1647 Aliquoties
988 1546 1111 1623 snrstra
1126 1546 1163 1620 in
1176 1573 1348 1646 campum

364 1667 569 1744 descensum
599 1692 714 1764 quum
741 1668 836 1755 esset,
868 1667 1045 1766 multique
1072 1693 1135 1767 per
1156 1666 1347 1742 seditiones

364 1787 435 1864 acti
452 1787 647 1864 comitiales
663 1787 758 1876 dies3
773 1787 947 1886 postremo
962 1785 1076 1862 vidae
1094 1775 1348 1884 perseverantia

363 1907 552 1986 consulum
584 1907 697 2006 plebis
724 1933 768 1980 eo
800 1907 901 1981 dolor
932 1905 1061 2004 erupit,
1095 1927 1137 1980 ut
1166 1906 1345 1996 tribunos,

365 2040 391 2073 ‘⁴
408 2032 528 2104 adum
556 2030 623 2102 esse
652 2029 698 2102 de
720 2027 901 2101 libertate''
927 2025 1169 2116 vociferantes,
1197 2037 1222 2070 ‘⁶
1241 2027 1346 2102 relin-

366 2159 391 2193 “
409 2149 671 2246 quendumque
702 2171 775 2221 non
809 2171 977 2244 campum
1001 2147 1077 2242 jam
1111 2146 1240 2236 solum,
1286 2147 1346 2223 sed

366 2278 392 2312 “
409 2267 517 2342 etiam
546 2268 674 2340 urbem
703 2285 843 2363 captam
873 2289 979 2365 atque
1006 2269 1203 2366 obpressam
1236 2293 1346 2367 regno

365 2398 390 2430 ‘⁴
409 2383 675 2484 patriciorum,”
704 2385 837 2460 moesta
861 2387 962 2484 plebs
984 2385 1197 2485 sequeretur.
1249 2390 1345 2462 Con-

364 2505 467 2593 sules,
500 2502 613 2578 relicti
642 2529 663 2578 a
688 2526 784 2602 parte
806 2506 945 2605 populi,
979 2533 1041 2606 per
1069 2505 1345 2606 infrequentiam

363 2622 509 2702 comitia
535 2623 650 2698 nihilo
671 2622 812 2724 segnius
835 2624 1033 2722 perficiunt.
1083 2626 1202 2702 Creati
1219 2626 1344 2703 consu-

363 2749 414 2822 les
427 2749 535 2820 atubo
558 2743 710 2844 patricii,
737 2747 796 2819 Μ.
815 2744 946 2820 Fabius
970 2746 1169 2820 Ambustus
1186 2747 1344 2834 tertium,

362 2870 411 2941 T.
432 2864 638 2967 Qindtius.
688 2867 732 2938 ln
760 2863 975 2963 quibusdam
1001 2865 1186 2940 annalibus
1209 2892 1273 2969 pro
1297 2870 1345 2941 T.

362 2985 538 3088 Quinctio
554 2987 613 3059 M.
631 2983 827 3082 Popillium
843 2983 1024 3060 consulem
1042 2985 1197 3060 invenio.

413 3107 517 3181 XIX.
543 3106 630 3179 Duo
642 3105 736 3180 bella
749 3131 793 3178 eo
806 3130 899 3178 anno
916 3104 1078 3204 prospere
1094 3107 1199 3206 gesta.
1249 3109 1346 3181 Cum

363 3223 648 3323 Tiburtibusque
676 3224 723 3298 ad
749 3223 971 3298 deditionem
1005 3249 1218 3326 pugnatum.
1273 3225 1345 3301 Sas-

363 3346 436 3421 sula
451 3372 497 3420 ex
513 3344 568 3418 his
585 3345 670 3418 urbs
688 3363 809 3441 capta:
832 3365 1016 3443 ceteraque
1033 3347 1166 3446 oppida
1181 3349 1345 3422 eamdem

362 3465 540 3540 fortunam
562 3461 774 3550 habuissent,
800 3463 838 3538 ni
859 3463 1019 3538 universa
1035 3492 1134 3566 gens,
1158 3467 1276 3566 positis
1292 3492 1344 3541 ar-

362 3581 444 3672 mis,
469 3580 508 3654 in
531 3581 642 3655 fidem
670 3581 822 3657 consulis
848 3583 1003 3658 venisset.
1063 3586 1346 3684 Triumphatum

362 3706 408 3779 de
434 3699 669 3778 Tiburtibus:
702 3701 863 3800 alioquin
886 3703 983 3780 mitis
1001 3704 1148 3781 victoria
1171 3705 1252 3781 fuit.
1302 3709 1344 3780 In

261 3839 264 3849 '
362 3819 636 3923 Tarquinienses
649 3825 773 3898 acerbe
787 3821 974 3913 saevitum,
995 3827 1119 3901 multis
1139 3826 1346 3903 mortalibus

363 3944 402 4019 in
427 3941 511 4034 acie„
529 3945 641 4016 caesis.
693 3945 752 4016 Ex
778 3942 915 4042 ingenti
943 3925 1166 4042 captivorum
1194 3974 1344 4022 numero

364 4059 527 4172 trecenti·
541 4060 805 4161 quinquaginta
829 4067 911 4140 otto
942 4064 1083 4154 delesti,
1114 4066 1344 4144 nobilissimus
