3067 5342
486 640 718 715 Ltatsn
776 638 839 717 Vl.
979 616 984 631 ⁸
1087 662 1152 733 119

174 821 201 856 “
218 836 304 911 que,
323 816 420 887 Deos
436 817 515 905 effe,
529 814 594 913 qui
612 819 822 891 Romanum
835 815 1003 912 adjuvent
1012 844 1024 901 3
1041 811 1151 899 Deos,

173 942 199 975 “
216 932 284 1029 qui
299 931 462 1007 secundis
477 934 603 1009 avibus
616 935 653 1009 in
666 935 842 1033 proelium
856 932 1022 1009 miserint.
1072 934 1149 1019 Tu,

172 1062 198 1096 “
216 1054 264 1125 T.
288 1052 451 1153 Qtincli,
478 1054 637 1152 equitem
659 1054 817 1129 intentus
834 1055 880 1127 ad
902 1052 1060 1151 primum
1083 1050 1151 1125 ini-

172 1170 310 1245 “tium
331 1172 420 1246 moti
440 1173 640 1248 certaminis
664 1196 803 1249 teneas:
834 1173 898 1248 ubi
925 1175 1063 1247 haerere
1076 1172 1153 1268 jam

173 1290 330 1367 “aciem
347 1294 487 1367 conlato
500 1295 592 1391 pede
608 1292 751 1381 videris,
770 1314 848 1367 tum
858 1312 1024 1367 terrorem
1041 1316 1150 1390 eque-

172 1420 197 1455 “
215 1411 322 1485 strem
341 1413 522 1510 occupatis
538 1412 608 1487 alio
633 1440 760 1512 pavore
784 1411 894 1487 infer:
921 1408 1151 1509 invedlusque
1231 1436 1233 1443 ’

172 1529 359 1604 “ordines
385 1532 625 1631 pugnantium
655 1532 811 1630 diffipa.”
865 1530 922 1605 Sic
955 1556 1077 1630 eques,
1104 1534 1150 1605 s1c

170 1652 293 1749 pedes,
310 1672 352 1723 ut
361 1672 593 1750 praeceperat,
610 1674 789 1752 pugnant:
808 1676 874 1726 nec
885 1652 961 1725 dux
977 1648 1149 1750 legiones,

172 1796 238 1845 nec
255 1770 398 1845 fortuna
410 1769 534 1845 fefellit
549 1774 691 1847 ducem.

217 1892 323 1965 XIII.
346 1889 551 1965 Multitudo
580 1891 748 1981 hostium,
784 1891 873 1966 nulli
908 1890 971 1980 rei,
998 1910 1149 1989 praeter·

172 2034 283 2108 quam
300 2035 462 2099 numero,
485 2009 585 2099 freta,
608 2014 642 2085 ὅτ
664 2012 778 2087 oculis
792 2033 979 2111 utramque
999 2008 1149 2085 metiens
1222 2088 1226 2098 ,

171 2128 298 2218 aciem,
319 2150 448 2205 temere
465 2130 640 2226 proelium
658 2129 751 2219 iniit,
779 2154 908 2207 temere
922 2129 1052 2205 omisit:
1079 2130 1148 2205 cla·

172 2274 271 2323 more
288 2270 429 2323 tantum
451 2248 701 2348 miffilibusque
722 2250 852 2325 telis&
871 2249 988 2350 primo
1006 2272 1149 2348 pugnae

170 2367 294 2466 inpetu
314 2366 426 2457 ferox,
455 2367 591 2467 gladios
613 2374 647 2444 δι
670 2371 850 2445 conlatum
872 2372 1001 2469 pedem
1019 2374 1053 2443 δι
1070 2368 1147 2441 vul-

171 2508 250 2563 tum
276 2486 396 2578 hostis,
428 2490 550 2563 ardore
579 2490 690 2565 animi
716 2491 923 2581 micantem,
957 2488 1044 2563 ferte
1074 2514 1148 2561 non

171 2606 301 2704 potuit.
350 2606 493 2706 Inpulsa
502 2608 596 2684 frons
604 2609 731 2708 prima,
746 2610 978 2711 &trepidatio
989 2605 1147 2681 sublidiis

169 2725 287 2815 inlata,
305 2731 339 2801 δι
356 2726 461 2802 suum
477 2750 641 2805 terrorem
658 2729 780 2805 intulit
792 2756 920 2829 eques:
948 2726 1043 2825 rupti
1061 2726 1145 2800 inde

167 2846 290 2926 multis
305 2845 392 2922 locis
401 2847 556 2937 ordines,
574 2870 741 2948 motaque
754 2848 888 2937 omnia,
907 2844 1142 2923 &fluctuanti

168 2964 288 3041 fimilis
304 2964 396 3040 acies
411 2988 494 3043 erat
544 2967 700 3056 Deinde,
718 2968 919 3066 postquam,
937 2966 1147 3041 cadentibus

168 3085 307 3184 prunis,
323 3087 399 3184 jam
424 3089 471 3162 ad
494 3086 527 3161 se
551 3087 701 3186 quisque
722 3108 976 3185 perventurum
999 3088 1145 3163 caedem

167 3208 345 3293 cernebat,
373 3227 472 3306 terga
493 3227 647 3281 vertunt.
700 3207 829 3281 Instare
856 3210 1043 3281 Romanus
1050 3237 1063 3292 ;
1095 3209 1144 3293 a,

166 3327 283 3411 donec
299 3326 423 3399 armati
445 3323 666 3422 confertique
685 3324 843 3413 abibant,
866 3325 1031 3423 peditum
1045 3328 1144 3401 labor

164 3443 203 3519 in
246 3444 488 3543 persequendo
525 3444 606 3519 fuit.
668 3444 860 3543 Postquam
890 3445 1013 3542 jactari
1047 3470 1146 3521 arma

165 3566 301 3663 paffisn,
328 3562 485 3664 fugaque
511 3590 573 3663 per
599 3588 698 3663 agros
720 3561 834 3663 spargi
856 3559 1145 3639 aciem'hostium

165 3682 447 3759 animadversum
463 3682 514 3759 est
523 3716 536 3770 ;
563 3703 642 3756 tum
659 3682 824 3780 equitum
839 3703 973 3757 turmae
990 3683 1143 3772 emillae,

166 3804 249 3879 dato
278 3806 389 3903 figno,
419 3828 477 3890 ne,
501 3801 541 3875 in
569 3804 786 3901 singulorum
816 3804 989 3881 morando
1020 3806 1141 3893 caede,

167 3921 318 4019 spatium
343 3922 389 3997 ad
411 3922 638 3997 evadendum
661 3918 804 3995 interim
830 3920 1054 3996 multitudini
1081 3924 1142 3997 da·

167 4062 253 4117 rent.
301 4040 391 4116 Satis
404 4042 484 4131 effe,
497 4039 681 4117 miffilibus
692 4066 734 4115 ac
746 4061 872 4117 terrore
886 4040 1045 4143 inpedire
1061 4070 1139 4121 cur-
