3067 5342
490 650 820 757 Lmnv'.
1113 684 1159 783 8'9

224 860 308 935 LII.
342 868 369 904 “
387 860 492 934 Haec
514 859 602 935 culti
626 857 850 960 negleslique
880 855 1038 933 numinis
1064 878 1160 933 tanta

176 990 204 1025 “
224 1000 458 1054 monumenta
473 978 511 1052 in
529 982 632 1054 rebus
642 978 808 1054 humanis
818 998 1011 1066 cernentes,
1026 978 1160 1077 ecquid

175 1110 203 1146 “
222 1098 369 1186 sentitis,
407 1098 579 1200 Qirites,
613 1118 789 1197 quantum
807 1097 960 1171 vixdum
982 1124 1001 1173 e
1024 1096 1161 1173 naufra-

172 1218 289 1319 “giis
315 1217 440 1318 prioris
467 1221 593 1315 culpae
617 1216 797 1317 cladisque
823 1239 1040 1315 emergentes
1062 1244 1159 1317 pare-

174 1349 303 1413 “mus
332 1338 458 1414 nefas?
500 1342 641 1414 Urbem
669 1336 848 1436 auspicato
879 1336 1161 1436 inauguratoque

174 1468 203 1501 “
221 1457 406 1535 conditam
420 1461 610 1533 babemus:
634 1459 753 1533 nullus
770 1460 870 1533 locus
884 1456 922 1531 in
939 1483 979 1530 ea
995 1482 1068 1531 non
1082 1457 1160 1531 reli-

173 1587 201 1622 “
220 1577 375 1677 gionum
399 1581 633 1677 Deornmque
656 1579 706 1652 est
728 1579 871 1675 plenus:
900 1574 1075 1651 sacrificiis
1095 1576 1159 1652 sol-

172 1709 202 1741 “
219 1697 400 1773 lemnibus
419 1724 493 1772 non
509 1696 585 1772 dies
602 1696 715 1795 magis
729 1696 820 1784 stati,
844 1722 954 1795 quam
971 1697 1049 1770 loca
1064 1695 1157 1786 sunt,

173 1816 258 1891 “in
281 1816 417 1915 quibus
441 1819 539 1891 fiant.
588 1819 672 1891 Hos
700 1844 825 1891 omnes
851 1819 963 1903 Deos,
993 1816 1158 1914 publicos

174 1949 202 1982 “
220 1936 459 2037 privatosque,
486 1936 657 2037 Qrirites‚
688 1935 855 2011 deserturi
889 1935 995 2009 estis?
1038 1942 1160 2039 Quam

174 2069 200 2102 “
220 2083 283 2154 par
307 2057 461 2131 vestrum
479 2056 613 2130 fanum
630 2056 692 2144 est,
712 2057 812 2154 quod
829 2054 867 2129 in
890 2054 1072 2129 obfidione
1094 2081 1160 2129 nu·

175 2186 202 2220 “
220 2203 283 2273 per
296 2176 335 2249 in
347 2175 490 2276 egregio
500 2172 718 2250 adolescente
733 2177 776 2250 C.
795 2174 920 2262 Fabio,
935 2201 1008 2251 non
1021 2176 1159 2252 minore

176 2306 202 2339 ‘⁴
221 2296 379 2370 hostium
393 2294 639 2383 admiratione,
663 2319 773 2392 quam
789 2294 912 2383 vestra,
931 2294 1159 2394 conspectum

176 2425 203 2459 “
220 2415 289 2502 est3
315 2441 432 2513 quum
459 2414 550 2489 inter
572 2414 710 2489 Gallica
733 2416 801 2488 tela
820 2417 997 2514 degressus
1020 2442 1066 2490 ex
1083 2443 1160 2492 arce

178 2544 205 2579 “
224 2532 393 2609 sollemne
411 2534 540 2609 Fabiae
557 2534 672 2634 gentis
689 2534 728 2607 in
745 2536 834 2609 colle
850 2534 1028 2635 Qririnali
1046 2536 1158 2613 obiit?

176 2658 284 2728 “An
310 2652 493 2753 gentilicia
514 2653 608 2728 sacra
627 2680 673 2728 ne
697 2653 735 2728 in
759 2656 853 2729 bello
876 2654 1025 2752 quidem
1052 2656 1158 2732 inter-

178 2784 204 2817 “
221 2772 331 2861 mitti,
357 2773 504 2871 publica
519 2772 613 2848 sacra
631 2779 665 2849 bc
686 2777 870 2850 Romanos
886 2776 983 2849 Deos
1000 2774 1106 2851 etiam
1120 2776 1159 2851 in

177 2903 203 2935 “
221 2918 309 2991 pace
316 2891 425 2966 deseri
435 2895 573 2991 placet?
587 2898 621 2967 dr
633 2894 820 2989 pontifices
832 2891 1061 2991 flaminesque
1075 2922 1160 2995 neg-

180 3021 205 3055 “
222 3011 433 3111 legentiores
459 3012 685 3109 publicatum
708 3011 924 3111 religionum
952 3015 1032 3103 esse,
1052 3040 1160 3113 quam

177 3143 203 3185 ⁴‘
221 3134 379 3232 privatus
393 3132 431 3206 in
447 3131 606 3207 sollemni
622 3132 737 3231 gentis
751 3130 885 3207 suerit?
914 3134 944 3206 F
945 3138 1068 3209 orfitan
1098 3136 1159 3209 ali-

177 3263 203 3304 ⁴‘
221 3252 426 3350 quisdicat,
440 3251 904 3349 autVejiseanosfasluros
919 3276 980 3328 aut
992 3258 1065 3331 huc
1076 3255 1160 3330 inde

178 3384 203 3425 “
221 3373 384 3447 missuros
406 3372 600 3449 sacerdotes
623 3373 769 3460 nostros,
800 3372 865 3470 qui
891 3372 1038 3449 faciant:
1069 3402 1160 3475 quo-

179 3505 204 3545 “
224 3520 307 3568 rum
326 3516 492 3569 neutrum
506 3494 581 3569 lieri
597 3493 697 3569 salvis
711 3492 921 3569 ceremoniis
938 3496 1061 3591 potest
1113 3500 1161 3571 Et

178 3624 203 3658 “
223 3641 268 3696 ne
299 3614 420 3689 omnia
445 3612 638 3713 generatim
669 3612 762 3688 sacra
793 3611 985 3711 omnesque
1015 3642 1159 3713 percen-

179 3746 204 3778 “
222 3734 316 3821 seam
333 3738 449 3822 Deos3
468 3734 505 3808 in
521 3733 622 3830 Jovis
637 3735 746 3831 epulo
764 3759 853 3806 num
869 3732 968 3821 alibi,
995 3759 1105 3831 quam
1122 3735 1160 3809 in

181 3865 206 3897 “
224 3854 417 3952 Capitolio,
447 3854 613 3951 pulvinar
638 3852 765 3950 suscipi
795 3852 935 3949 potest?
976 3853 1080 3954 Qrid
1115 3855 1160 3929 de

183 3985 207 4018 “
225 3974 372 4058 aeternis
389 3974 513 4049 Vestae
528 3972 673 4072 ignibus
690 3976 873 4072 fignoque,
902 3974 1002 4071 quod
1019 3972 1160 4071 imperii

184 4095 356 4195 “pignus
385 4092 545 4171 custodia
572 4094 646 4191 ejus
672 4093 798 4193 templi
825 4114 975 4182 tenetur,
1005 4096 1156 4193 loquer?
