3067 5342
495 691 532 762 L
558 715 571 762 1
603 715 622 762 u
653 715 675 762 u
704 714 728 762 a
781 692 881 764 VIII.
1112 719 1178 791 301

202 860 362 962 legiones
380 863 541 952 fudissem
576 867 790 941 Heracleam
819 867 1095 942 Tarentinorum
1127 893 1187 941 co·

199 981 346 1071 Ioniam,
377 983 604 1059 Consentiam
636 1013 681 1060 ex
712 986 884 1075 Lucanis,
909 987 1184 1086 Sipontumque,

199 1101 418 1177 Bruttiorum
435 1105 618 1193 Terinam,
644 1104 727 1180 alias
745 1105 830 1181 inde
858 1107 1117 1206 Messapiorum
1142 1134 1184 1181 ac

198 1223 433 1297 Lucanorum
463 1224 605 1322 cepisset
630 1229 749 1314 urbes,
778 1231 813 1300 δι
840 1246 1009 1302 trecentas
1036 1225 1185 1302 familias

197 1337 356 1417 inlustres
387 1342 424 1418 in
453 1345 616 1444 Epirum,
646 1372 734 1444 quas
761 1348 925 1421 obfidum
946 1371 1095 1420 numero
1123 1347 1184 1420 ha-

198 1463 310 1549 beret,
327 1461 485 1552 misrffet3
509 1467 605 1540 haud
634 1467 761 1564 procul
787 1467 957 1540 Pandofia
977 1469 1065 1540 urbe
1078 1464 1185 1540 inmi-

198 1602 305 1656 nente
324 1583 484 1657 Lucanis
511 1611 551 1660 ac
582 1584 726 1660 Bruttiis
760 1585 893 1661 finibus
920 1585 981 1660 tris
1013 1586 1184 1675 tumulos,

198 1701 424 1799 aliquantum
446 1703 536 1778 inter
559 1704 591 1778 se
614 1704 793 1794 distantes,
809 1704 956 1793 insedit,
991 1703 1186 1802 exquibus

199 1819 412 1897 incurstones
430 1820 467 1896 in
485 1850 627 1898 omnem
645 1845 780 1922 partem
797 1825 871 1925 agri
887 1823 1020 1900 hostilis
1045 1825 1184 1901 faceret

200 1945 249 2016 Et
275 1944 449 2018 ducentos
474 1943 583 2018 ferme
609 1947 841 2020 Lucanorum
868 1944 1003 2020 exsules
1029 1945 1123 2036 circa
1148 1945 1183 2021 se

201 2089 266 2160 pro
284 2063 366 2138 fidis
382 2066 548 2153 habebat,
563 2085 604 2139 ut
617 2065 782 2164 pleraque
796 2066 869 2162 ejus
888 2065 1025 2165 generis
1042 2067 1186 2166 ingenia

198 2185 291 2275 sunt,
327 2212 413 2262 cum
445 2183 587 2258 fortuna
619 2183 829 2259 mutabilem
862 2207 1021 2285 gerentes
1061 2188 1183 2262 fidem.

197 2307 331 2381 Imbres
365 2303 541 2390 continui,
584 2303 716 2402 campis
749 2304 919 2382 omnibus
958 2306 1183 2396 inundantes,

198 2451 314 2523 quum
345 2425 607 2500 interclufiffent
642 2422 810 2498 trifariam
837 2424 1031 2500 exercitum
1057 2453 1079 2500 a
1102 2426 1183 2502 mu-

198 2559 261 2621 tuo
281 2545 372 2621 inter
384 2544 418 2620 se
436 2542 582 2632 auxilio,
607 2543 682 2617 duo
706 2543 886 2642 praesidia,
910 2571 1001 2644 quae
1018 2549 1087 2619 fine
1102 2573 1182 2647 rege

198 2688 308 2757 erant,
338 2664 514 2765 inproviso
544 2663 700 2739 hostium
727 2666 881 2739 adventu
912 2664 1178 2762 obprimuntur:

202 2786 396 2885 deletisque
419 2784 482 2874 eis,
508 2785 555 2859 ad
571 2785 675 2883 ipsius
692 2781 912 2859 obsidionem
944 2810 1067 2858 omnes
1097 2810 1181 2859 con·

196 2911 291 2982 tersi.
343 2907 432 2980 Inde
455 2908 501 2981 ab
529 2903 687 2978 Lucanis
705 2903 883 2979 exsulibus
900 2907 945 2979 ad
962 2904 1041 2979 suos
1057 2904 1183 2980 nuncii

197 3024 287 3101 missi
317 3024 415 3100 suut:
449 3027 624 3124 passoque
657 3025 773 3099 reditu
807 3024 1015 3121 promissum
1041 3027 1103 3115 est,
1128 3053 1181 3102 re-

196 3171 294 3246 gem,
320 3166 381 3220 aut
406 3142 545 3232 vivum,
579 3165 640 3218 aut
674 3164 870 3232 mortuum,
902 3144 942 3219 in
973 3145 1179 3244 potestatem

195 3267 350 3340 daturos.
400 3267 568 3339 Ceterum
597 3291 682 3339 cum
710 3262 854 3338 delestis
881 3263 965 3362 ipse,
993 3265 1179 3366 egregium

196 3384 334 3462 facinus
350 3383 467 3473 ausus,
489 3410 552 3484 per
570 3384 709 3459 medios
724 3382 878 3481 erumpit
899 3384 1026 3473 hostes,
1054 3390 1089 3460 δε
1114 3388 1182 3462 du-

199 3533 279 3581 cem
308 3508 542 3580 Lucanorum
590 3502 754 3579 cominus
785 3505 1007 3602 congressum
1036 3508 1183 3581 obtrun-

87 3709 94 3725 ,
196 3648 269 3702 cata
305 3622 581 3722 contrahensque
613 3622 692 3698 suos
733 3649 778 3696 ex
807 3620 893 3722 suga
926 3623 1072 3722 palatos,
1102 3653 1180 3726 per-

198 3744 297 3820 venit
312 3747 359 3820 ad
373 3769 529 3830 atunem,
561 3740 671 3817 ruinis
688 3741 890 3817 recentibus
914 3742 1045 3840 pontis,
1072 3770 1182 3843 quem

198 3863 252 3940 vis
285 3890 396 3964 aquae
429 3863 627 3951 abstulerat,
671 3859 890 3936 indicantem
919 3860 995 3936 iter.
1060 3867 1182 3966 Qtem

200 4011 314 4084 quum
331 3985 467 4060 incerto
495 3986 590 4058 vado
616 3985 769 4057 transiret
784 4007 926 4081 agmen,
957 3977 1066 4057 seffus'
1084 4003 1182 4060 metu

199 4133 240 4182 ac
254 4101 373 4182 laboie
396 4104 511 4196 miles,
538 4103 722 4203 increpans
746 4127 880 4178 nomen
902 4099 1183 4181 abominandum
