3067 5342
494 728 821 802 LrssrtV.
1112 755 1154 829 19

173 902 380 988 credentes3
417 900 542 976 Falisci
576 902 718 1000 propria
741 903 848 978 etiam
880 905 994 979 caussa
1025 903 1154 993 infesti,

170 1021 272 1118 quod
298 1019 462 1096 Fidenati
489 1024 584 1096 bello
608 1022 641 1096 se
665 1025 740 1119 jam
769 1047 871 1098 antea
890 1024 1152 1114 inmiscuerant,

170 1165 233 1236 per
254 1143 386 1240 legatos
403 1144 497 1216 ultro
514 1141 675 1241 citroque
692 1143 810 1218 milles
820 1146 1049 1241 jurejurando
1063 1146 1155 1220 inter

169 1257 203 1332 se
220 1259 382 1359 obligati,
408 1287 494 1336 cum
521 1263 735 1338 exercitibus
752 1264 966 1364 necopinato
983 1266 1029 1339 ad
1047 1267 1152 1361 Vejos

167 1382 347 1455 accessere.
398 1383 504 1456 Forte
536 1409 577 1456 ea
610 1383 766 1482 regione,
801 1411 874 1481 qua
907 1387 977 1458 Μ’.
1009 1385 1150 1484 Sergius

168 1498 333 1574 tribunus
348 1499 505 1576 militum
522 1525 688 1599 praeerat,
716 1504 824 1578 castra
838 1502 952 1578 adorti
977 1502 1069 1592 sunt,
1097 1505 1151 1578 in·

167 1643 384 1718 gentemque
419 1643 583 1696 terrorem
627 1622 808 1713 intulere;
851 1625 938 1725 quia
971 1624 1151 1698 Etruriam

165 1767 312 1815 omnem
330 1741 484 1816 excitam
501 1741 642 1838 sedibus
660 1771 789 1844 magna
813 1749 908 1820 mole
934 1748 1047 1821 adesse
1073 1748 1150 1819 Ro·

164 1861 262 1935 mani
288 1861 520 1937 crediderant.
580 1866 718 1938 Eadem
751 1865 876 1963 opinio
911 1867 1074 1961 Vejentes
1110 1864 1148 1940 in

164 1985 253 2056 urbe
281 1981 483 2058 concitavit.
535 1986 587 2058 lta
612 1984 760 2082 ancipiti
781 1987 917 2082 proelio
934 1985 1042 2061 castra
1069 1989 1146 2060 Ro·

164 2129 270 2176 mana
302 2105 603 2201 obpugnabantur
616 2137 629 2192 3
677 2105 1005 2206 concursantesque,
1031 2132 1146 2205 quum

163 2227 237 2298 hue
254 2245 361 2321 atque
386 2223 471 2298 illuc
497 2228 594 2323 figna
617 2224 851 2314 transferrent,
878 2254 943 2301 nec
961 2227 1146 2322 Vejentem

163 2343 242 2417 satis
272 2343 437 2418 cohibere
465 2344 555 2418 intra
586 2346 817 2433 munitiones,
842 2374 908 2421 nec
935 2345 1005 2420 suis
1027 2348 1145 2422 muni·

162 2463 292 2538 mentis
308 2489 422 2538 arcere
447 2463 536 2552 vim,
566 2492 608 2539 ac
627 2465 717 2539 tueri
734 2465 766 2541 se
782 2471 827 2542 ab
850 2467 1020 2542 exteriore
1046 2491 1145 2566 pote·

162 2606 240 2658 rant
256 2584 366 2658 hoste.
418 2587 504 2658 Una
519 2583 595 2680 spes
611 2608 695 2673 erat,
722 2590 744 2658 ss
762 2614 807 2660 ex
823 2587 1015 2684 majoribus
1027 2589 1146 2664 castris

161 2701 417 2791 subveniretur,
443 2725 485 2777 ut
506 2703 660 2779 diversae
682 2705 851 2804 legiones,
877 2707 964 2780 aliae
980 2707 1144 2784 adversus

161 2827 378 2924 Capenatem
401 2851 443 2899 ac
461 2823 651 2916 Faliscum,
685 2826 772 2900 aliae
786 2847 909 2899 contra
920 2827 1145 2924 eruptionem

160 2943 422 3044 oppidanorum
456 2965 665 3045 pugnarent.
721 2947 792 3020 Sed
833 2945 950 3019 castris
991 2970 1145 3044 praeerat

162 3063 360 3164 Virginius,
396 3065 562 3163 privatim
603 3065 725 3164 Sergio
756 3064 888 3139 invisus
916 3064 1143 3164 infestusque.

161 3186 207 3274 Is,
234 3210 350 3282 quum
377 3188 542 3284 pleraque
566 3185 702 3260 castella
725 3189 943 3284 obpugnata,
970 3183 1145 3282 superatas

158 3304 390 3392 munitiones,
417 3305 598 3404 utrimque
612 3304 731 3379 invehi
746 3305 884 3379 hostem
901 3304 1140 3394 nunciaretur,

159 3425 329 3499 inarmis
362 3425 491 3499 milites
525 3425 656 3499 tenuit:
700 3429 723 3498 fi
751 3452 841 3522 opus
872 3425 961 3500 foret
992 3425 1141 3515 auxili0,

160 3547 335 3645 collegam
358 3544 523 3619 diclitans
540 3546 584 3618 ad
603 3543 635 3619 se
652 3544 850 3619 missurum.
901 3545 1023 3642 Hujus
1040 3547 1142 3620 adro-

160 3667 316 3766 gantiam
349 3664 542 3763 pertinacia
574 3664 715 3738 alterius
752 3668 949 3762 aequabat3
992 3665 1070 3763 qui,
1096 3693 1142 3740 ne

161 3813 270 3884 quam
300 3813 406 3884 opem
436 3790 481 3862 ab
509 3785 658 3860 inimico
680 3784 860 3858 videretur
885 3784 1018 3882 petisse,
1043 3784 1142 3859 vinci

160 3911 204 3982 ab
220 3907 332 3994 hoste,
359 3933 469 4004 quam
485 3906 626 3983 vincere
640 3931 702 4003 per
720 3905 852 3993 civem,
877 3905 1014 3979 maluit,
1064 3905 1140 3980 Diu

162 4027 199 4098 in
217 4027 336 4100 medio
354 4030 439 4102 caess
467 4025 597 4100 milites
605 4059 616 4113 3
647 4023 838 4122 postrem0,
866 4025 1009 4100 desertis
1022 4026 1141 4100 muni-

160 4147 329 4235 tionibus,
367 4146 535 4246 perpauci
562 4145 600 4219 in
623 4146 754 4241 majora
781 4146 901 4235 castra,
926 4171 1005 4245 pars
1028 4148 1142 4222 maxi·
