3067 5342
447 672 677 746 Lrnnrt
728 673 809 744 VII.
1060 656 1130 768 249

149 858 178 890 “
197 845 288 920 mihi
311 847 357 920 de
375 846 477 922 vobis
501 844 711 920 concordiae
734 865 850 942 partae
874 842 1035 942 gloriam,
1061 870 1134 919 non

151 977 179 1010 “
198 965 396 1053 vidoriam,
439 967 572 1038 darent.
621 965 710 1039 Satis
743 963 812 1038 brit
843 963 992 1061 eritque,
1038 965 1132 1038 unde

151 1084 283 1160 “belli
314 1087 423 1159 decus
452 1083 623 1182 pariatur:
667 1083 752 1160 hinc
787 1111 855 1182 pax
887 1086 1040 1182 petenda
1071 1084 1132 1158 est.

155 1216 183 1249 “
202 1207 316 1305 Qtod
340 1207 437 1280 Deos
461 1204 662 1279 inmortales
684 1203 775 1278 inter
796 1206 1036 1300 nuncupanda
1053 1226 1135 1278 vota

153 1337 180 1370 “
199 1322 406 1424 expoposci,
432 1325 507 1421 ejus
528 1351 586 1398 me
614 1345 818 1421 compotem
840 1321 913 1396 voti
936 1347 999 1398 vos
1022 1323 1133 1400 saccre

152 1455 180 1489 “
196 1443 360 1544 poteslis3
391 1448 413 1518 fi
439 1443 635 1520 meminisse
657 1443 777 1530 vultis,
804 1467 876 1516 non
893 1467 955 1516 vos
978 1442 1016 1518 in
1036 1447 1133 1518 Sarn-

155 1574 183 1608 “
200 1563 276 1652 nio,
305 1591 370 1640 nec
388 1563 425 1638 in
440 1563 587 1653 Volscis,
611 1563 670 1639 sed
691 1564 729 1638 in
752 1567 921 1638 Romano
938 1560 1010 1638 solo
1027 1565 1135 1640 castra

152 1695 180 1728 “
197 1687 346 1760 habere:
388 1688 412 1758 sr
441 1683 520 1758 illos
545 1686 663 1772 colles,
694 1709 785 1783 quos
812 1681 966 1771 cernitis,
1004 1683 1133 1782 patriae

154 1817 180 1850 “
198 1805 327 1880 vestrae
349 1807 429 1892 effe,
460 1808 483 1878 fi
506 1807 603 1879 hunc
625 1804 820 1881 exercitum
842 1802 978 1878 civium
1004 1804 1132 1880 vestro·

153 1935 178 1968 “
197 1951 295 1999 rum:
335 1928 358 1998 fi
391 1951 449 1999 me
476 1922 657 2002 consulem
685 1925 853 2014 vestrum,
889 1924 990 2020 cujus
1019 1925 1132 2000 duem

153 2055 180 2088 “
198 2042 426 2144 auspicioque
443 2043 556 2142 priore
570 2070 663 2118 anno
678 2043 733 2119 bis
748 2043 905 2143 legiones
918 2043 1131 2120 Samnitium

156 2175 181 2209 “
200 2165 354 2253 fudistis,
388 2165 443 2241 bis
470 2165 576 2240 castra
604 2164 640 2237 vi
666 2163 815 2263 cepistis.
866 2169 947 2264 Ego
973 2164 1051 2238 sum
1075 2168 1133 2240 M.

154 2297 179 2332 “
199 2285 358 2360 Valerius
369 2269 522 2374 Corvus,
548 2285 690 2373 milites,
717 2287 817 2381 cujus
832 2311 894 2360 vos
911 2284 1132 2360 nobilitatem

153 2417 179 2450 “
198 2403 380 2482 beneficiis
396 2431 478 2505 erga
494 2431 570 2493 vos,
594 2432 667 2480 non
684 2405 832 2501 injuriis,
860 2405 1024 2492 senfistis;
1052 2409 1131 2481 nul-

153 2535 178 2569 “
197 2523 267 2598 lius
283 2524 450 2623 superbae
467 2524 505 2599 in
519 2551 583 2599 vos
596 2526 695 2624 legis,
719 2526 852 2600 nullius
869 2525 1020 2600 crudelis
1038 2525 1130 2600 sena-

152 2656 178 2689 “
197 2643 399 2720 tusconsulti
416 2647 557 2733 audon,
586 2645 623 2720 in
638 2644 804 2720 omnibus
822 2645 909 2719 meis
924 2644 1079 2742 imperiis
1093 2646 1131 2720 in

151 2774 177 2808 “
195 2791 254 2838 me
270 2763 432 2852 severior,
456 2790 564 2863 quam
579 2765 617 2839 in
632 2791 706 2839 vos.
757 2768 813 2839 Ac
837 2768 860 2836 sr
880 2765 939 2838 cui
961 2790 1085 2862 genus,
1110 2769 1133 2838 sr

152 2883 257 2958 “cui
286 2883 348 2958 sua
370 2883 495 2973 virtus,
530 2888 555 2957 sr
584 2883 644 2958 cui
674 2884 782 2959 etiam
815 2869 982 2980 majestas,
1016 2889 1039 2962 fi
1070 2884 1130 2960 cui

151 3015 178 3050 “
195 3006 344 3077 honores
369 3001 516 3079 subdere
545 3003 684 3103 spiritus
711 3025 926 3104 potuerunt3
967 3004 1009 3080 iis
1035 3031 1130 3080 eram

151 3135 177 3168 “
195 3145 311 3212 natus,
332 3123 371 3197 id
387 3123 563 3223 specimen
580 3124 651 3198 mei
665 3126 844 3212 dederam,
868 3150 909 3197 ea
921 3146 1031 3200 aetate
1046 3152 1130 3200 con·

151 3242 347 3318 “sulatum
367 3245 516 3343 adeptus
536 3271 645 3332 eram,
669 3265 711 3316 ut
726 3244 917 3343 potuerim,
941 3250 1058 3320 tres&
1079 3247 1132 3324 vi-

151 3375 178 3409 ‘⁸
197 3364 288 3464 ginti
301 3391 411 3441 annos
424 3387 539 3453 natus,
561 3362 683 3440 consul
696 3363 858 3440 Patribus
872 3391 1019 3464 quoque
1033 3366 1132 3441 ferox

134 3492 177 3529 '“
196 3489 276 3574 esse,
307 3511 380 3560 non
409 3484 523 3560 solum
546 3484 653 3584 plebi.
703 3487 817 3586 Qrod
848 3513 969 3562 meum
997 3485 1132 3563 factum

150 3617 175 3650 ‘⁸
195 3604 376 3680 disiumve
398 3604 549 3680 consulis
574 3605 728 3704 gravius,
755 3632 865 3705 quarn
890 3605 1037 3695 tribuni,
1068 3634 1130 3682 au·

153 3735 178 3769 “
197 3724 323 3799 distis?
349 3727 477 3800 eodem
495 3748 613 3801 tenore
637 3728 712 3800 duo
734 3725 955 3824 insequentes
972 3726 1130 3802 consula·

151 3855 176 3889 “
196 3866 253 3919 tus
270 3849 370 3945 geffi3
398 3849 526 3922 eodem
543 3849 629 3923 haec
646 3845 832 3944 imperiosa
847 3845 1020 3921 disiamra
1034 3853 1130 3946 gere'·

152 3976 178 4009 “
197 3987 271 4042 tur:
306 3988 347 4041 ut
377 3993 494 4063 neque
524 3965 563 4040 in
596 3969 661 4041 hos
686 3993 784 4041 meos
812 3970 846 4040 δι
876 3967 1004 4064 patriae
1032 3995 1131 4046 meae

153 4085 326 4167 “milites
357 4086 491 4176 mitior,
527 4113 638 4188 quarn
668 4087 707 4160 in
735 4113 812 4175 vos,
843 4088 968 4162 horreo
998 4085 1128 4177 dicere,
