3067 5342
428 685 499 774 418
758 679 1068 755 T..Lrvrr

430 847 624 926 Claudium
657 851 979 950 Volumniumque,
1018 853 1053 924 tc
1082 849 1289 924 Cornelium
1319 871 1395 923 curn

431 969 574 1044 Marcio
595 969 753 1044 eonsules
776 967 884 1044 fartos
912 968 1135 1044 tradidimus.
1184 967 1395 1044 Memoritne

431 1088 563 1189 sugerit
585 1089 623 1162 in
649 1087 833 1165 annalibus
855 1089 1069 1188 digerendis,
1096 1113 1141 1162 an
1167 1087 1326 1162 consulto
1350 1084 1396 1161 bi·

431 1233 495 1282 nos
529 1206 699 1296 consules,
725 1207 825 1284 falsos
856 1229 963 1296 ratus,
1000 1205 1264 1293 transcenderit,
1297 1205 1395 1279 incer·

431 1349 511 1402 tum
528 1328 588 1402 est.
639 1329 779 1402 Eodem
792 1352 886 1401 anno
903 1327 941 1402 in
957 1351 1125 1423 campum
1143 1327 1321 1400 Stellatem
1332 1322 1397 1422 agri

432 1445 603 1545 Campani
630 1445 843 1520 Samnitium
874 1445 1084 1520 incurfiones
1113 1442 1237 1520 saetae.
1286 1448 1416 1542 ltaque

430 1569 538 1641 ambo
558 1563 730 1652 consules,
754 1565 790 1638 in
820 1564 1002 1639 Samnium
1025 1564 1126 1652 miffi,
1156 1590 1274 1664 quum
1296 1563 1397 1638 diver·

430 1683 479 1760 sas
510 1683 682 1782 regiones,
725 1682 916 1758 Tifernum
950 1683 1165 1772 Postumius,
1211 1683 1395 1758 Bovianum

429 1803 632 1891 Minucius,
666 1802 850 1902 petissent,
888 1803 1059 1878 Postumii
1089 1803 1188 1902 prius
1222 1805 1331 1878 dusiu
1357 1800 1396 1872 sd

431 1921 619 1997 Tifernum
640 1942 852 2022 pugnaturn.
902 1921 978 1996 Alii
993 1924 1089 1997 haud
1107 1923 1219 1998 dubie
1236 1919 1393 1997 Samnites

429 2041 554 2130 victos,
583 2069 625 2116 ac
640 2040 770 2140 viginti
786 2040 897 2115 millia
914 2041 1103 2116 hominum
1120 2063 1224 2140 capta
1248 2043 1393 2117 tradunt:

430 2160 489 2234 alii
517 2163 635 2234 Marte
652 2185 767 2257 aequo
790 2159 989 2249 discessum,
1016 2165 1050 2234 br
1068 2162 1308 2248 Postumium,
1333 2183 1396 2231 me·

430 2299 510 2353 tum
535 2280 753 2352 fimulantem
781 2281 954 2353 nodurno
970 2278 1106 2368 itinere,
1142 2282 1238 2356 clam
1255 2279 1292 2354 in
1307 2303 1396 2354 mon·

406 2419 485 2473 tes
515 2397 633 2496 copias
658 2397 860 2472 abduxisse:
897 2397 1011 2472 hostes
1036 2396 1172 2473 secutos
1196 2402 1275 2474 duo
1295 2396 1397 2473 'millis

428 2519 513 2593 inde
544 2515 631 2592 locis
657 2517 803 2592 munitis
837 2522 869 2591 δι
901 2515 991 2616 ipsos
1011 2516 1212 2592 consedisse.
1263 2516 1395 2602 Consul,

427 2660 470 2712 ut
495 2637 616 2713 stativa
643 2657 719 2711 tuta
744 2634 954 2734 copiosaque
991 2639 1040 2731 (bc
1064 2635 1112 2710 ita
1141 2641 1256 2733 erant)
1285 2635 1395 2735 petiffe

429 2756 621 2844 videretur,
650 2755 836 2855 postquam
866 2759 900 2828 br
917 2751 1148 2830 munimentis
1169 2758 1277 2832 castra
1290 2757 1395 2828 firma·

428 2877 493 2965 vit,
527 2881 561 2949 δι
588 2873 687 2950 omni
713 2876 878 2972 adparatu
906 2899 1020 2948 renrm
1049 2873 1193 2950 utilium
1224 2874 1394 2960 instruxit3

430 2995 551 3068 relido
568 2997 670 3068 firmo
684 2993 865 3091 praefidio,
892 2994 937 3066 de
953 2991 1076 3091 vigilia
1092 2993 1204 3083 tertia,
1233 3021 1304 3094 qua
1319 2990 1394 3067 duci

430 3113 594 3213 proxime
615 3111 740 3210 potest,
771 3111 952 3209 expeditas
979 3109 1134 3209 legiones
1151 3115 1393 3214 ad'collegam,

432 3238 464 3307 δι
496 3229 610 3331 ipsum
636 3229 797 3304 adversus
830 3229 915 3304 alios
948 3229 1140 3318 sedentem,
1167 3233 1280 3308 ducit.
1333 3231 1394 3318 lbi,

428 3353 569 3425 sudore
586 3349 782 3437 Postumio,
817 3349 1004 3424 Minucius
1025 3377 1109 3426 cum
1126 3351 1284 3426 hostibus
1310 3355 1395 3450 figna

429 3468 564 3544 confert
571 3503 583 3556 3
616 3473 664 3556 ὅτ,
692 3494 807 3567 quum
832 3495 958 3567 anceps
986 3469 1160 3567 proelium
1187 3471 1224 3544 in
1248 3473 1393 3546 multum

428 3588 501 3665 diei
525 3589 741 3685 proceffisset,
768 3607 848 3663 tum
873 3589 1076 3666 Postumius
1092 3591 1236 3690 integris
1253 3585 1392 3688 legioni-

427 3711 495 3785 bus
512 3707 676 3783 defeffam
694 3709 769 3804 jam
792 3706 904 3782 aciem
930 3709 1085 3784 hostium
1113 3709 1288 3808 inproviso
1305 3709 1393 3783 inva-

426 3830 492 3902 dit.
541 3830 678 3925 ltaque,
708 3851 824 3924 quum
850 3827 1008 3902 laffitudo
1041 3855 1081 3904 ac
1110 3831 1255 3906 vulnera
1279 3825 1393 3926 fugem

429 3973 576 4044 quoque
611 3945 878 4044 praepedissent,
919 3945 1105 4023 occidione
1134 3949 1237 4026 occifi
1274 3945 1393 4030 hostes,

427 4069 521 4164 signa
535 4089 651 4138 unum
668 4063 842 4163 &viginti
860 4087 980 4164 capta:
1010 4089 1116 4167 atque
1132 4066 1216 4146 inde
1231 4070 1277 4144 ad
1293 4065 1394 4144 castra
