3067 5342
384 691 431 782 48
719 691 1034 765 T.L1v11

386 861 478 936 rium
495 863 632 938 datum.
682 865 796 962 Cujus
819 891 936 964 quum
959 861 1063 962 copia
1078 887 1153 935 non
1168 862 1264 949 effet,
1298 886 1377 936 ma·

386 1005 518 1071 tronae,
549 983 710 1058 coetibus
727 986 773 1058 ad
799 1011 879 1060 eam
891 1011 967 1060 rem
987 981 1255 1060 consultandam
1269 979 1375 1055 habi-

386 1101 443 1189 tis,
480 1103 718 1178 &communi
735 1105 878 1180 decreto
901 1103 1080 1203 pollicitae
1107 1101 1261 1177 tribunis
1277 1099 1375 1174 ruili-

386 1244 464 1296 tum
482 1249 608 1298 aurum
626 1228 660 1297 δι
678 1224 800 1299 onmia
816 1245 1024 1300 ornamenta
1039 1222 1113 1311 sua,
1144 1250 1183 1297 tn
1198 1220 1375 1296 aerarium

387 1343 601 1417 detulerunt.
652 1347 761 1418 Grata
778 1371 820 1418 ea
835 1371 902 1433 res,
931 1367 973 1420 ut
990 1370 1081 1444 quae
1104 1339 1261 1417 maxime
1276 1338 1376 1415 sena-

386 1461 440 1536 tui
459 1487 648 1560 umquam,
675 1461 762 1537 fuit:
798 1467 1045 1563 honoremque
1061 1467 1111 1538 ob
1127 1489 1206 1536 eam
1223 1456 1375 1534 munifi-

387 1581 541 1658 centiam
558 1581 676 1658 ferunt
699 1583 868 1658 matronis
892 1585 1070 1672 habiturn,
1104 1605 1147 1656 ut
1168 1581 1305 1679 pilento
1327 1583 1377 1656 ad

385 1699 479 1777 sacra
503 1700 692 1802 ludosque,
723 1705 897 1804 carpentis
920 1702 1009 1779 festo
1037 1701 1264 1803 profestoque
1293 1724 1375 1776 ute-

386 1845 517 1897 rentur.
567 1805 733 1898 Pondere
759 1829 805 1900 ab
830 1825 973 1924 singulis
998 1823 1073 1898 auri
1101 1843 1249 1920 accepto
1271 1821 1375 1896 aesti-

387 1965 569 2043 matoque,
603 1965 644 2017 ut
673 1943 847 2041 pecuniae
863 1944 1091 2032 solverentur,
1123 1963 1294 2017 crateram
1309 1968 1374 2016 au·

388 2089 481 2138 ream
513 2062 587 2140 fieri
620 2063 767 2162 placuit,
799 2092 890 2164 quae
920 2066 1060 2139 donum
1091 2059 1253 2162 Apollini
1284 2063 1410 2136 Del-‘

308 2262 311 2274 ¹
387 2187 477 2282 phos
504 2205 709 2282 portaretur.
760 2185 875 2260 Simul
898 2189 944 2260 ab
968 2183 1139 2286 religione
1156 2181 1295 2261 animos
1322 2208 1375 2255 re-

388 2300 572 2390 miserunt,
615 2303 791 2403 integrant
822 2303 1033 2379 seditionem
1067 2301 1204 2379 tribuni
1236 2302 1374 2403 plebis:

388 2421 557 2498 incitatur
574 2423 771 2498 multitudo
796 2424 833 2499 in
851 2451 974 2504 omnes
990 2423 1181 2524 principes,
1207 2446 1289 2498 ante
1311 2423 1376 2496 ali-

388 2571 428 2618 os
458 2543 496 2617 in
532 2543 738 2620 Camillum.
807 2547 904 2618 Eum
944 2547 1112 2643 praedam
1142 2545 1377 2641 Vejentanam

393 2663 614 2766 publicando
647 2662 886 2763 sacrandoque
920 2667 967 2738 ad
1004 2664 1160 2743 nihilum
1192 2664 1376 2764 redegisse.

391 2783 564 2860 Absenres
581 2783 743 2858 ferociter
758 2782 956 2883 increpante
983 2781 1231 2883 praesentium,
1258 2810 1378 2884 quum

390 2904 423 2979 se
452 2907 546 2978 ultro
576 2901 671 2976 iratis
704 2902 894 2992 obsonant,
941 2902 1194 2979 verecundiam
1228 2905 1377 2979 habent.

389 3023 503 3100 Simul
521 3023 657 3096 extrahi
675 3050 809 3098 remex
833 3051 876 3098 eo
893 3051 987 3099 anno
1003 3025 1184 3113 viderunt,
1212 3023 1378 3099 tribunos

392 3143 505 3243 plebis
530 3146 655 3218 latores
685 3143 772 3242 legis
802 3143 838 3216 in
862 3169 996 3218 annum
1026 3144 1170 3218 eosdem
1199 3143 1379 3218 reficiunt.

393 3269 441 3340 Et
462 3269 581 3339 Patres
608 3267 677 3338 hoc
707 3263 806 3337 idem
829 3265 874 3338 de
904 3264 1185 3340 intercessoribus
1208 3263 1297 3363 legis
1313 3267 1378 3339 ad·

393 3383 465 3457 nisr.
516 3386 570 3457 Ita
585 3381 718 3457 tribuni
736 3382 849 3481 plebis
867 3409 998 3483 magna
1019 3407 1175 3484 exparte
1192 3384 1306 3460 iidem
1325 3411 1378 3459 re·

392 3501 487 3577 fecti.

440 3623 579 3698 XXVI.
606 3619 772 3697 Comitiis
804 3621 1030 3698 tribunorum
1063 3623 1221 3702 militurn
1256 3629 1379 3702 Patres

391 3743 530 3820 summa
562 3769 629 3840 ope
662 3740 857 3830 evicerunt,
891 3765 932 3817 ut
956 3746 1015 3818 M.
1046 3745 1175 3820 Furius
1202 3747 1380 3822 Camillus

390 3884 573 3940 crearetur.
624 3865 772 3959 Propter
807 3865 898 3936 bella
926 3866 1136 3940 srmulabant
1165 3867 1278 3964 parari
1309 3870 1379 3942 du-

392 4011 484 4072 cem,
512 3982 572 4057 sed
598 3980 776 4082 largitioni
804 3983 1014 4060 tribuniciae
1037 3985 1250 4062 adversarius
1268 4013 1378 4087 quae-

392 4107 542 4180 rebatur.
592 4103 690 4180 Cum
723 4102 877 4179 Camillo
906 4105 1013 4181 creati
1045 4107 1181 4184 tribuni
1214 4107 1377 4185 militum
