3067 5342
399 663 466 735 166
710 660 1024 733 T.L1vrr

400 844 426 878 “
444 835 551 931 polle.
599 838 704 936 Qtae
721 859 870 909 munera
885 836 1031 933 quando
1051 832 1204 907 tandem
1223 826 1300 903 satis
1314 852 1384 926 gra-

400 966 426 997 “
445 976 483 1027 to
508 951 629 1027 animo
651 953 906 1042 aestimaturos,
934 958 971 1041 fi,
992 953 1087 1027 inter
1101 948 1329 1049 accipiendas
1343 950 1384 1021 de

402 1084 427 1117 “
446 1072 516 1147 suis
532 1073 734 1147 commodis
750 1074 962 1173 rogationes,
989 1072 1089 1172 spem
1108 1069 1260 1145 honoris
1276 1066 1386 1141 latori-

402 1204 428 1238 “
446 1198 515 1269 bus
530 1218 652 1267 eamm
668 1192 850 1268 incidant?
875 1219 948 1267 non
964 1192 1030 1267 else
1047 1189 1251 1265 modestiae
1269 1183 1387 1287 populi

403 1324 429 1357 “
448 1313 605 1388 Romani
619 1312 659 1387 id
676 1312 861 1410 postulate,
879 1334 920 1385 ut
937 1312 1008 1411 ipse
1025 1310 1178 1386 foenore
1192 1312 1339 1395 levetur,
1356 1309 1388 1379 dc

405 1445 430 1479 “
457 1434 495 1509 in
509 1458 634 1533 agrum
651 1430 778 1530 injuria
799 1435 984 1529 pollellum
1009 1458 1030 1505 a
1053 1429 1273 1530 potentibus
1290 1425 1388 1500 indu·

406 1566 431 1600 “
449 1576 571 1642 catur;
590 1579 653 1650 per
668 1578 759 1652 quos
775 1579 815 1627 ea
831 1551 1040 1627 consecutus
1054 1556 1108 1641 srt,
1129 1550 1231 1625 senes
1245 1543 1388 1622 tribuni·

406 1684 432 1720 “
450 1674 524 1749 cios
539 1700 612 1747 non
625 1676 693 1747 fine
707 1676 841 1747 honore
860 1693 1012 1761 tannim,
1035 1673 1097 1747 sed
1115 1671 1230 1747 etiam
1248 1673 1317 1744 fine
1335 1665 1388 1762 spe

406 1804 432 1837 “
450 1792 606 1881 honoris,
621 1793 807 1891 relinquat.
833 1792 987 1867 Proinde
1005 1792 1065 1892 ipss
1083 1792 1253 1893 primum
1271 1788 1389 1863 stante-

408 1924 435 1958 “
454 1934 530 1987 rent
544 1914 641 2012 apud
652 1912 800 2000 animos,
818 1911 909 2010 quid
918 1914 1064 1987 vellent:
1083 1911 1225 1987 deinde
1242 1904 1391 1985 comitiis

407 2044 434 2077 “
452 2032 652 2109 tribuniciis
670 2034 884 2107 declararent
900 2035 1135 2108 voluntatem.
1169 2031 1208 2107 Si
1225 2030 1389 2125 conjunc-

408 2153 519 2229 “tim
543 2151 623 2228 ferri
646 2155 690 2226 ab
711 2152 744 2226 se
771 2153 1008 2251 promulgatas
1029 2152 1237 2252 rogationes
1253 2152 1389 2231 vellent,

410 2284 435 2317 “
454 2275 534 2359 elle,
562 2272 664 2368 quod
687 2269 829 2345 eosdem
852 2274 1033 2347 reficerent
1060 2272 1231 2348 tribunos
1261 2264 1388 2369 plebis:

410 2393 646 2489 “perlaturos
675 2390 786 2478 enim,
827 2416 918 2489 quae
949 2391 1271 2493 promulgaverint.
1320 2385 1388 2469 Sin,

411 2511 558 2609 “quod
580 2509 712 2609 cuique
733 2509 899 2608 privatim
916 2536 1007 2609 opus
1020 2516 1071 2600 fit,
1097 2512 1137 2587 id
1148 2512 1265 2587 modo
1282 2501 1389 2599 accipi

412 2641 437 2675 “
455 2628 592 2718 velint3
617 2656 709 2731 opus
728 2632 795 2703 effe
812 2629 901 2704 nihil
925 2630 1097 2706 invidiosa
1120 2626 1388 2707 continuatione

411 2762 436 2795 “
455 2750 621 2838 honoris;
653 2776 720 2824 nec
737 2748 770 2823 se
788 2750 1021 2839 tribunatum,
1053 2778 1118 2827 nec
1137 2752 1219 2827 illos
1234 2776 1290 2837 ea,
1306 2767 1389 2844 quae

412 2884 440 2917 “
458 2873 681 2972 promulgata
698 2873 775 2958 fint,
793 2868 1009 2945 habituros.”

461 2994 546 3067 XL.
580 2988 760 3064 Adversus
786 3010 859 3063 tam
882 2990 1091 3065 obstinatam
1114 2990 1315 3066 orationem
1336 2980 1388 3056 tri·

413 3116 596 3187 bonorum
619 3134 747 3208 quum,
780 3135 860 3206 prae
883 3108 1094 3209 indignitate
1110 3136 1246 3199 rerum,
1278 3108 1391 3201 stupor

412 3229 661 3328 filentiumque
679 3227 763 3301 inde
781 3250 912 3303 ceteros
934 3233 1080 3304 Parrum
1096 3233 1295 3315 defixiffet3
1322 3228 1388 3319 Ap-

414 3349 588 3425 Claudius
608 3350 758 3435 Craffus,
784 3374 893 3446 nepos
917 3349 1122 3438 decemviri,
1153 3351 1290 3427 dicitur
1310 3341 1388 3419 odio

413 3467 529 3566 magis
550 3470 684 3564 iraque,
715 3492 825 3565 quam
848 3468 919 3566 spe,
951 3471 998 3544 ad
1019 3470 1297 3548 dilluadendum
1316 3487 1389 3564 pro·

415 3590 554 3675 ceffiffe,
568 3589 753 3662 &locutus
766 3586 804 3660 in
815 3590 904 3662 hanc
917 3588 988 3664 fere
999 3588 1205 3667 sententiam
1216 3592 1282 3666 elle
1295 3620 1303 3660 ι
1320 3586 1388 3659 Ne·

415 3718 441 3753 “
460 3733 531 3806 que
541 3732 690 3793 novum,
704 3706 1055 3805 nequeinopinatum
1066 3712 1215 3801 ministr,
1226 3705 1387 3810 Qirites

416 3838 443 3895 5‘
461 3832 498 3916 sr,
516 3828 616 3925 quod
626 3851 742 3901 unum
759 3825 911 3901 familiae
929 3829 1062 3903 nostrae
1072 3830 1207 3930 semper
1217 3828 1388 3926 objectum

416 3958 443 3992 “
461 3947 511 4022 est
537 3951 583 4024 ab
606 3945 772 4021 seditiofis
790 3945 954 4037 tribunis,
986 3949 1024 4023 id
1043 3978 1138 4027 nunc
1157 3978 1225 4052 ego
1248 3963 1385 4048 quoque

417 4079 443 4113 ‘⁶
460 4066 621 4144 audiam:
650 4065 822 4143 Claudiae
842 4067 940 4168 genti
954 4070 1030 4167 jam
1053 4070 1137 4147 inde
1153 4076 1198 4150 ab
1221 4069 1323 4147 initio
1339 4060 1384 4139 nil
