3067 5342
513 631 745 708 Lrunn
796 628 860 711 VI.
999 636 1006 649 '
1110 654 1175 729 ¹03

117 844 120 849 ·
240 806 306 881 Ill.
332 809 463 907 Qtum
472 804 512 881 in
523 832 565 881 ea
578 828 687 906 parte,
713 804 751 879 in
767 830 841 905 qua
855 824 962 904 caput
978 798 1027 879 rei
1041 807 1176 879 Roma·

191 952 258 1001 nae
276 925 452 1001 Camillus
473 947 559 1014 erat,
585 926 781 1001 casortuna
802 928 898 1015 effet,
923 924 1028 1001 aliam
1045 924 1084 999 in
1098 952 1174 1025 par·

190 1068 265 1122 tem
289 1068 399 1122 terror
415 1045 540 1146 ingens
557 1046 745 1146 ingruerat.
797 1045 937 1121 Etruria
961 1072 1071 1145 prope
1097 1072 1174 1121 om-

191 1166 247 1242 nis
268 1189 399 1242 armata
417 1168 591 1256 Sutrium,
609 1166 722 1242 socios
739 1165 864 1267 populi
886 1166 1059 1257 Romani,
1084 1170 1173 1244 obfi-

191 1290 314 1365 debat:
343 1314 497 1387 quorum
514 1287 635 1389 legati,
660 1315 766 1388 opem
784 1292 889 1364 rebus
904 1286 1051 1365 adfectis
1072 1316 1173 1365 oran-

191 1431 254 1499 tes,
274 1435 392 1508 quum
413 1409 572 1485 senatum
594 1408 755 1499 adissent,
782 1410 966 1484 decretum
982 1412 1106 1498 tulere,
1131 1430 1174 1485 ut

189 1530 341 1605 disiator
355 1527 472 1629 primo
485 1556 632 1629 quoque
655 1550 813 1631 tempore
831 1527 1006 1605 auxilium
1022 1529 1172 1607 Sutrinis

188 1650 304 1727 ferret.
355 1651 467 1748 Cujus
480 1647 552 1750 spei
572 1676 708 1725 moram
731 1675 848 1749 quum
863 1649 935 1749 pati
949 1649 1091 1727 fortuna
1107 1653 1171 1726 ob-

187 1771 355 1847 sessorum
372 1798 446 1845 non
467 1771 644 1870 potuisset,
674 1770 907 1869 confeslaque
929 1769 1085 1871 paucitas
1109 1796 1171 1870 op-

186 1892 416 1991 pidanorum,
462 1917 581 1992 opere,
624 1891 769 1991 vigiliis,
813 1890 1033 1979 vulneribus,
1080 1917 1172 1989 quae
1219 1882 1221 1887 ’

187 2013 324 2111 semper
349 2010 492 2103 eosdem
522 2017 736 2113 urguebant,
762 2039 824 2111 per
849 2011 1052 2111 paslionem
1082 2014 1181 2087 urbe

186 2132 348 2209 hostibus
386 2133 525 2221 tradita,
572 2133 722 2209 inermes
759 2160 846 2209 curn
888 2131 1032 2233 fingulis
1061 2130 1170 2207 emissi

184 2251 418 2343 vestimentis,
448 2253 637 2329 miserabili
660 2254 802 2355 agmine
827 2275 969 2353 penates
995 2253 1171 2352 relinque-

185 2398 284 2462 rent3
320 2401 364 2450 eo
396 2373 486 2451 sorte
519 2398 676 2475 tempore
702 2375 874 2451 Camillus
900 2402 985 2450 curn
1012 2375 1169 2451 exercitu

184 2498 359 2570 Romano
373 2495 572 2571 intervenit.
621 2494 693 2573 Cui
718 2521 834 2592 quum
861 2493 894 2569 se
918 2496 1049 2571 moesta
1068 2499 1171 2572 turba

183 2619 231 2693 ad
257 2620 366 2717 pedes
392 2617 626 2717 provolvisset,
655 2615 930 2716 principumque
961 2614 1169 2703 orationem,

183 2741 382 2813 neceffitate
410 2738 539 2813 ultima
561 2741 765 2837 expressam,
790 2740 894 2811 fletus
916 2733 1108 2811 mulierum
1129 2763 1170 2811 ac

184 2884 392 2957 puerorum,
421 2859 484 2958 qui
502 2859 610 2934 exsilii
630 2858 778 2933 comites
795 2859 1034 2943 trahebantur,
1067 2882 1169 2931 exce-

186 2980 307 3077 piffet3
339 3004 479 3078 parcere
505 2978 667 3054 lamentis
688 2978 848 3053 Sutrinos
866 2978 978 3074 julfit:
1013 2974 1169 3051 Etruscis

186 3098 219 3174 se
233 3102 372 3175 lustum
389 3098 735 3198 lacrimasqueserre.
786 3097 943 3173 Sarcinas
959 3098 1044 3173 inde
1058 3100 1168 3195 depo-

186 3218 238 3307 ni,
268 3219 500 3318 Sutrinosque
527 3219 580 3297 ibi
609 3222 799 3307 confidere,
827 3218 973 3295 modico
1000 3216 1169 3318 praesidio

185 3340 321 3428 relism,
346 3366 443 3415 arma
457 3339 578 3415 secum
600 3339 752 3415 militem
769 3339 855 3414 serre
873 3340 989 3435 jubet.
1040 3340 1094 3413 lta
1107 3364 1168 3412 ex-

184 3461 309 3559 pedito
337 3460 496 3536 exercitu
521 3460 698 3559 profestus
729 3462 777 3535 ad
802 3461 975 3549 Sutrium,
1010 3458 1050 3533 id
1065 3460 1167 3558 quod

183 3584 338 3671 rebatur,
364 3580 477 3656 soluta
492 3580 614 3656 omnia
634 3584 739 3657 rebus
772 3586 828 3679 (ut
844 3583 899 3677 sit)
932 3578 1095 3656 secundis
1113 3579 1166 3653 in·

183 3702 303 3777 venit:
339 3703 474 3777 nullam
504 3701 689 3777 stationem
714 3722 794 3777 ante
827 3686 981 3788 moenia,
1011 3722 1165 3799 patentes

183 3844 311 3921 portas,
333 3822 505 3898 vistorem
517 3848 651 3922 vagum
667 3823 833 3922 praedam
852 3848 898 3895 cx
914 3818 1068 3895 hostium
1094 3842 1166 3893 tec-

183 3943 228 4019 tis
244 3966 457 4045 egerentem.
507 3946 641 4019 lterum
657 3942 767 4042 igitur
786 3944 914 4018 eodem
932 3940 991 4016 die
1006 3940 1164 4015 Sutrium

185 4066 343 4166 capitur:
376 4066 527 4140 vistores
558 4062 695 4139 Etrusci
721 4066 841 4162 paffim
868 4061 1088 4139 tnrcidantur
1120 4066 1164 4139 ab
