3067 5342
399 709 469 766 212
740 681 1057 754 T.Lrvrr

401 855 458 944 tis,
486 855 663 954 reliquum
689 853 774 930 anni
797 853 908 928 muris
931 847 1157 948 turribusque
1183 847 1383 924 reficiendis

401 967 642 1062 consumtum,
662 979 695 1048 δι
713 975 816 1048 aedes
831 971 1009 1072 Apollinis
1023 969 1187 1044 dedicata
1203 969 1262 1044 est.

452 1097 555 1170 XXI.
591 1098 763 1168 Extremo
789 1120 882 1168 anno
912 1090 1058 1167 comitia
1090 1088 1283 1164 consularia
1312 1117 1387 1164 cer-

402 1236 520 1292 tamen
547 1218 693 1290 Parrum
710 1241 750 1288 ac
768 1213 881 1312 plebis
899 1211 1054 1300 diremit,
1087 1209 1238 1286 tribunis
1259 1237 1389 1308 negan-

403 1334 499 1409 tibus
538 1337 692 1433 paffuros
741 1333 887 1408 comitia
925 1331 1060 1420 haberi,
1108 1329 1145 1403 ni
1189 1327 1388 1404 secundum

404 1453 585 1528 Liciniam
635 1456 751 1552 legem
794 1455 1006 1528 haberentur
1012 1485 1024 1540 ς
1068 1450 1239 1524 dictatore
1281 1449 1389 1526 obsti-

383 1589 488 1646 'nato
521 1575 641 1647 tollere
675 1571 795 1672 potius
820 1593 937 1648 totum
968 1599 988 1646 e
1020 1569 1204 1670 republica
1232 1568 1390 1644 consula·

408 1713 501 1780 tum,
524 1719 634 1792 quam
650 1691 894 1791 promiscuum
909 1691 1073 1768 Patribus
1090 1719 1130 1766 ac
1148 1691 1245 1790 plebi
1264 1689 1390 1768 facere.

406 1811 625 1886 Prolatandis
652 1811 762 1910 igimr
778 1811 932 1890 comitiis
962 1837 1077 1914 quum
1099 1811 1250 1886 dictator
1266 1811 1394 1912 magis·

404 1953 496 2006 tratu
514 1931 649 2019 abiffet,
666 1958 719 2007 res
736 1934 782 2008 ad
798 1931 1038 2032 interregnum
1055 1931 1171 2007 rediit.
1222 1929 1390 2006 Infestanr

403 2051 488 2126 inde
502 2051 664 2127 Patribus
679 2053 821 2148 plebem
833 2051 1023 2151 interreges
1035 2077 1150 2151 quum
1161 2051 1386 2149 accepissent,

406 2173 453 2245 ad
476 2170 713 2246 undecimum
741 2171 950 2272 interregem
968 2171 1200 2248 seditionibus
1217 2191 1390 2246 certatum

407 2290 468 2366 est.
518 2288 629 2388 Legis
658 2291 823 2366 Liciniae
849 2291 1088 2390 patrocinium
1122 2291 1257 2367 tribuni
1281 2292 1391 2389 jacta-

407 2412 503 2485 bant.
554 2408 701 2507 Propior
726 2413 828 2485 dolor
847 2413 943 2508 plebi
966 2411 1118 2487 foenoris
1148 2411 1390 2510 ingravescen-

406 2527 555 2602 riserat:
586 2555 762 2626 curaeque
780 2529 933 2628 privatae
950 2531 987 2605 in
1000 2531 1254 2607 certaminibus
1268 2531 1387 2629 publi·

407 2647 459 2723 cis
481 2651 726 2746 erumpebant.
776 2654 944 2751 Qrorum
963 2649 1080 2728 taedio
1097 2655 1216 2726 Patres
1238 2653 1286 2726 1.
1304 2653 1391 2725 Cor·

409 2769 545 2843 nelium
568 2767 773 2867 Scipionem
795 2767 1005 2868 interregem
1036 2769 1246 2846 concordiae
1277 2771 1390 2846 caussa

409 2887 589 2964 observare
616 2890 731 2988 legem
758 2889 941 2964 Liciniam
968 2889 1122 2964 comitiis
1149 2888 1389 2966 consularibus

403 3009 542 3104 jussere.
593 3012 634 3084 P.
653 3008 793 3082 Valerio
811 3009 1017 3084 Publicolae
1036 3011 1138 3084 datus
1159 3037 1178 3084 e
1196 3014 1300 3108 plebe
1318 3014 1387 3088 cola

407 3129 486 3225 lega
515 3129 558 3202 C.
577 3126 738 3201 Marcius
770 3130 942 3204 Rutulus.
1003 3128 1184 3207 Inclinatis
1215 3130 1323 3207 semel
1352 3132 1387 3206 in

408 3247 637 3323 concordiam
667 3247 807 3337 animis,
853 3248 937 3324 novi
971 3247 1142 3338 consules,
1183 3249 1386 3328 foenebrem

410 3393 558 3464 quoque
574 3394 663 3456 rem,
690 3393 782 3466 quae
805 3369 967 3445 distinere
983 3371 1173 3446 unanimos
1190 3371 1388 3458 videbatur,

409 3488 522 3559 levare
538 3487 695 3584 adgreffi,
712 3486 923 3565 solutionem
936 3489 1040 3566 alienl
1058 3491 1144 3566 aeris
1155 3491 1193 3568 in
1207 3493 1386 3590 publicam

410 3630 533 3680 curam
548 3626 749 3694 verterunt3
767 3608 1013 3708 quinqueviris
1029 3611 1165 3700 creatis,
1182 3636 1273 3712 quos
1290 3639 1387 3688 men-

410 3724 514 3800 sarios
526 3728 571 3801 ab
584 3726 838 3826 dispensatione
854 3730 1024 3829 pecuniae
1038 3733 1269 3830 adpellanrnt.
1305 3736 1386 3808 Me-

409 3846 468 3921 riti
484 3846 660 3946 aequitate
678 3874 833 3948 curaque
851 3849 943 3939 sunt,
967 3875 1010 3926 ut
1025 3879 1089 3950 per
1102 3850 1268 3927 omnium
1283 3879 1385 3926 anna·

410 3967 502 4042 lium
515 3992 749 4044 monumenta
757 3971 910 4046 celebres
920 3970 1127 4048 nominibus
1137 3977 1256 4049 essent.
1274 3974 1384 4047 Fuere

409 4109 530 4164 autem
554 4092 596 4163 C.
616 4087 776 4180 Duilius,
803 4093 844 4166 P.
863 4090 998 4166 Decius
1015 4094 1118 4183 Mus,
1137 4097 1196 4171 M.
1213 4093 1380 4195 Papirius,
