3067 5342
395 638 461 711 108
707 637 755 710 T.
805 637 1029 741 Lrvssrr

394 811 496 909 quod
521 807 739 910 fugientium
765 836 811 883 ex
836 836 921 909 agro
945 810 1144 907 Pomptino
1171 834 1302 907 agmen
1329 832 1377 880 re·

393 950 499 1029 pente
512 927 662 1004 inlatum
676 928 714 1002 in
727 932 855 1005 urbem
870 930 1011 1017 adtulit,
1039 929 1208 1005 Antiates
1224 927 1262 1001 in
1278 926 1377 1001 armis

394 1053 473 1137 esse,
507 1049 794 1148 Latinorumque
821 1052 970 1149 populos
990 1051 1226 1146 juventutem
1250 1044 1378 1121 submi·

395 1172 465 1244 srffe
481 1172 527 1244 ad
549 1168 589 1243 id
611 1171 765 1257 bellum3
800 1196 842 1243 eo
859 1174 1053 1245 abnuentes
1070 1168 1267 1268 publicum
1283 1167 1378 1241 fuisse

395 1289 593 1378 confilium,
623 1290 725 1387 quod
741 1316 815 1363 non
831 1289 1028 1388 prohibitos
1045 1289 1305 1365 tantummodo
1320 1312 1378 1361 vo·

395 1408 563 1485 luntarios
590 1408 748 1483 dicerent
777 1408 940 1499 militare,
974 1408 1039 1485 ubi
1066 1412 1213 1483 vellent.
1266 1410 1379 1483 Defie-

396 1553 472 1605 rant
494 1530 570 1627 jam
600 1532 672 1603 ulla
704 1529 885 1603 contemni
921 1530 1022 1605 bella.
1083 1532 1212 1629 ltaque
1247 1527 1379 1601 senatus

396 1650 478 1727 Diis
499 1676 600 1749 agere
617 1650 755 1749 gratias,
789 1650 890 1751 quod
917 1649 1088 1725 Camillus
1116 1650 1156 1724 in
1179 1648 1377 1749 magistratu

396 1776 493 1847 esset:
526 1770 733 1845 distatorem
751 1778 884 1869 quippe
899 1769 1096 1845 dicendum
1114 1798 1203 1845 eum
1217 1769 1332 1855 fuisse,
1357 1768 1378 1839 fi

397 1892 553 1990 privatus
585 1893 679 1965 esset.
735 1894 784 1967 Et
816 1892 970 1989 collegae
1002 1890 1116 1980 fateri,
1164 1902 1190 1935 “
1226 1889 1379 1988 regimen

399 2024 423 2055 “
442 2010 608 2086 omnium
635 2038 766 2099 remm,
803 2010 984 2110 ubiquid
1009 2012 1131 2087 bellici
1163 2010 1301 2086 terroris
1330 2007 1378 2081 in·

398 2144 424 2177 “
442 2152 557 2231 gruat,
592 2132 630 2205 in
655 2130 733 2205 viro
754 2158 830 2206 uno
847 2134 929 2206 else:
959 2131 1093 2231 sibique
1112 2132 1328 2207 destinatum
1345 2128 1378 2201 in

399 2250 563 2326 “animo
605 2253 684 2339 else,
743 2251 907 2326 Camillo*
930 2250 1136 2328 submittere
1180 2250 1377 2351 imperium.

400 2384 425 2416 “
444 2376 524 2447 Nec
542 2370 743 2470 quidquam
760 2374 806 2445 de
823 2372 995 2468 majestate
1016 2372 1076 2445 sua
1094 2375 1297 2449 detrastum
1312 2394 1378 2442 cre-

401 2503 426 2537 “
445 2494 541 2580 dere,
580 2493 681 2590 quod
712 2492 878 2587 majestati
911 2494 983 2589 ejus
1012 2492 1078 2567 viri
1111 2490 1379 2570 conceffiffent.’'

400 2612 630 2688 Conlaudatis
645 2614 689 2686 ab
713 2610 833 2685 senatu
851 2611 1016 2702 tribunis,
1044 2618 1077 2689 δι
1101 2614 1173 2714 ipse
1198 2610 1376 2694 Camillus,

400 2731 567 2808 confusus
600 2731 734 2820 animo,
766 2730 893 2831 gratias
926 2734 1010 2833 egit.
1062 2745 1087 2777 “
1106 2734 1276 2834 Ingens,''
1301 2730 1378 2803 inde

399 2852 461 2941 ait,
492 2864 517 2897 “
536 2880 626 2927 onus
643 2880 664 2926 a
686 2856 821 2951 populo
836 2856 1006 2927 Romano
1024 2854 1099 2942 fibi,
1131 2856 1198 2954 qui
1221 2854 1253 2930 se
1274 2850 1377 2925 disla-

401 2986 427 3019 ‘·‘
446 2996 557 3047 torem
568 2974 643 3070 jam
667 2996 834 3072 quartum
861 2976 1012 3063 creasset,
1037 3002 1213 3075 magnum
1230 3003 1250 3048 a
1266 2972 1375 3047 senatu

402 3094 576 3169 “talibus
603 3096 649 3168 de
675 3092 708 3167 se
732 3092 882 3189 judiciis
909 3094 982 3190 ejus
1006 3094 1154 3185 ordinis,
1183 3094 1377 3171 maximum

403 3225 428 3260 “
447 3236 520 3288 tarn
539 3215 793 3287 honoratorum
811 3216 1027 3313 collegarum
1045 3214 1218 3314 obsequio
1235 3206 1376 3311 injungi.

404 3345 428 3376 “
447 3335 571 3432 ltaque
588 3336 611 3406 s1
638 3332 730 3431 quid
746 3334 873 3407 laboris
896 3334 1170 3434 vigiliarumque
1187 3334 1293 3435 adjici
1307 3324 1377 3429 pos·

385 3455 500 3539 -“s1t,
543 3474 736 3525 certantem
768 3450 886 3527 secum
925 3454 1041 3552 ipsum
1075 3456 1295 3540 adnisurum,
1341 3466 1378 3521 ut

404 3582 429 3615 “
448 3593 547 3646 tanto
569 3572 613 3645 de
631 3569 664 3645 se
682 3570 849 3647 consensu
868 3574 1018 3649 civitatis
1036 3575 1260 3674 opinionem,
1293 3592 1376 3671 qule

404 3692 604 3768 “maxima
633 3696 684 3781 lit,
718 3692 827 3769 etiam
843 3696 1061 3771 constantem
1084 3695 1223 3773 efficiat.
1273 3688 1377 3792 QJOd

403 3817 493 3891 “ad
519 3817 655 3891 bellum
688 3835 795 3913 atque
826 3815 989 3890 Antiates
1021 3816 1189 3907 adtineat,
1223 3819 1300 3917 plus
1329 3804 1374 3884 ibi

404 3949 429 3979 “
447 3935 638 4023 minarum,
688 3962 799 4033 quam
832 3934 996 4033 periculi,
1045 3940 1123 4011 esl'c.
1175 3940 1217 4013 Se
1252 3954 1374 4013 tamen,

406 4067 489 4131 “ut
511 4054 601 4129 nihil
625 4053 790 4145 timendi,
817 4059 861 4129 sic
880 4054 969 4129 nihil
992 4059 1246 4135 contemnendi
1264 4052 1374 4131 aueto-
