3067 5342
499 721 729 794 Lrnnn
781 721 847 796 lX.
1106 667 1178 824 3¹65

197 897 370 985 Corvum,
398 897 440 970 C.
468 895 651 971 Marcium
680 896 865 985 Rutilum,
897 899 940 973 C.
961 895 1180 997 Sulpicium,

196 1017 244 1090 T.
270 1014 456 1090 Manlium
482 1018 724 1115 Torquatum,
756 1023 814 1118 Q
832 1016 1032 1092 Publilium
1059 1016 1179 1100 Philo,

196 1161 294 1224 nem,
328 1137 375 1209 L.
392 1132 575 1232 Papirium
592 1135 791 1225 Cursorem,
817 1135 1036 1238 QFabium
1059 1137 1180 1213 Maxi·

194 1281 312 1344 mum,
329 1256 421 1329 duos
438 1253 585 1343 Decios,
599 1257 646 1329 L.
658 1255 909 1345 Volumnium,
928 1259 998 1332 M!
1014 1255 1178 1334 Curium.

195 1374 377 1472 Deinceps
404 1373 565 1474 ingentes
596 1373 794 1474 sequuntur
824 1373 904 1464 viri,
939 1379 963 1450 fi
996 1373 1178 1453 Punicum

194 1497 364 1570 Romano
386 1493 619 1594 praevertisset
643 1497 792 1583 bellum,
820 1493 1005 1595 seniorque
1037 1493 1075 1570 in
1109 1497 1178 1570 lta·

193 1615 279 1690 liam
304 1614 496 1710 trajeciffet.
547 1617 700 1690 Horum
711 1615 749 1690 in
766 1613 929 1714 quolibet
945 1636 1023 1689 tum
1042 1613 1178 1693 indoles

191 1735 331 1822 eadem,
355 1760 447 1833 quae
479 1732 518 1808 in
545 1735 751 1810 Alexandro
773 1757 858 1822 erat,
886 1733 996 1809 animi
1025 1732 1177 1834 ingenii·

193 1879 265 1952 que
271 1887 284 1942 3
310 1876 390 1928 tum
406 1853 593 1953 disciplina
621 1853 793 1943 militatis,
811 1854 888 1951 jam
917 1853 1002 1930 inde
1031 1858 1076 1930 ab
1108 1854 1177 1930 ini-

193 1973 252 2048 tiis
279 1973 379 2050 urbis
405 1972 532 2049 tradita
559 1999 622 2071 per
652 1999 792 2063 manus,
822 1973 861 2047 in
886 1973 969 2048 artis
998 1973 1176 2072 perpetuis

191 2093 386 2192 praeceptis
415 2092 595 2169 ordinatae
625 2093 777 2168 modum
800 2113 952 2168 venerat.
1002 2095 1056 2168 Ita
1079 2119 1178 2192 reges

191 2216 363 2312 gesserant
378 2214 470 2288 bella
477 2245 489 2300 ;
512 2211 561 2287 ita
575 2211 705 2286 deinde
722 2214 899 2288 exosiores
925 2239 1050 2312 regum
1073 2212 1177 2308 Junii

193 2332 419 2431 Valeriiquc3
446 2332 495 2406 ita
520 2330 687 2428 deinceps
704 2331 822 2419 Fabii,
846 2331 1024 2434 Qrindlii,
1042 2335 1176 2410 Corne·

193 2449 253 2539 lii3
281 2451 331 2527 ita
347 2451 477 2527 Furius
493 2449 679 2538 Camillus,
697 2475 808 2548 quem
817 2451 968 2548 juvenes
985 2451 1024 2541 ii,
1043 2453 1177 2552 quibus

156 2636 161 2644 .
191 2597 278 2645 curn
306 2573 512 2646 Alexandro
537 2569 785 2646 dimicandum
817 2592 903 2660 erat,
929 2571 1049 2650 senem
1077 2573 1176 2650 vide-

190 2713 279 2766 rant.
328 2689 502 2767 Militaria
533 2715 639 2788 opera
662 2691 858 2790 pugnando
884 2694 1033 2768 obeunti
1065 2696 1175 2770 Alex·

190 2813 304 2888 andro
331 2817 431 2910 (nam
446 2839 489 2886 ea
503 2836 650 2909 quoquc
669 2813 768 2884 haud
791 2809 911 2886 minus
935 2814 1068 2888 clarum
1091 2839 1176 2890 eum

191 2930 344 3025 faciunt)
384 2932 526 3006 ceslilset
561 2928 728 3004 videlicet
755 2929 795 3006 in
823 2931 898 3006 acie
936 2934 1075 3008 oblatus
1114 2960 1176 3032 par

191 3050 356 3126 Manlius
369 3053 587 3149 Torquatus,
598 3071 660 3124 aut
677 3048 837 3125 Valerius
852 3052 1004 3140 Corvus,
1027 3052 1176 3154 insrgnes

188 3191 270 3245 ante
292 3170 436 3258 milites,
463 3194 573 3267 quam
598 3170 734 3244 duces?
771 3173 938 3246 ceffilsent
960 3173 1081 3261 Decii,
1112 3175 1172 3247 de-

188 3289 281 3366 votis
297 3289 504 3387 corporibus
531 3288 570 3362 in
594 3288 732 3364 hostem
754 3294 922 3366 ruentes?
948 3294 1089 3366 cessrffet
1107 3293 1172 3365 Pa·

188 3408 301 3509 pitius
327 3406 468 3497 Cursor,
520 3406 584 3482 illo
607 3407 762 3506 corporis
786 3412 924 3498 robore,
953 3409 1014 3483 illo
1039 3410 1173 3484 animi?

187 3527 302 3602 vidus
328 3531 411 3604 effet
444 3529 593 3604 consiliis
619 3529 762 3626 juvenis
789 3529 908 3617 unius,
943 3556 988 3604 ne
1020 3534 1172 3630 singulos

188 3647 387 3738 nominem,
420 3648 556 3724 senatus
585 3648 658 3737 ille,
689 3675 800 3748 quem
827 3648 891 3748 qui
917 3659 943 3694 ‘⁶
958 3675 1002 3724 ex
1032 3649 1174 3750 regibus

189 3778 217 3812 ‘⁴
233 3767 411 3842 constarc''
439 3767 545 3857 dixit,
575 3793 668 3842 unus
694 3793 812 3844 veram
835 3767 988 3865 speciem
1014 3769 1172 3844 Romani

189 3885 326 3962 senatus
348 3887 467 3986 cepit?
517 3889 561 3962 ld
576 3911 661 3961 vero
677 3908 750 3962 etat
765 3887 980 3985 periculum,
1009 3913 1054 3962 ne
1071 3887 1173 3963 soler·

187 4004 272 4093 tius,
306 4031 417 4105 quam
433 4006 587 4107 quilibet
601 4029 697 4081 unus
713 4032 759 4082 ex
775 4005 832 4096 iis,
866 4033 956 4107 quos
974 4008 1172 4099 nominavi,

188 4125 306 4202 castris
326 4127 449 4204 locum
472 4147 624 4227 caperet,
654 4147 872 4204 commeatus
899 4127 1096 4228 expediret,
1128 4135 1175 4208 ab
