3067 5342
388 676 458 744 104
750 648 798 727 T.
849 652 1045 725 Lrvrr

385 850 481 899 novo
507 824 619 914 hoste,
654 852 771 925 neque
799 824 832 901 se
862 822 1118 926 conglobandi,
1145 822 1361 921 co'e'undique

385 943 424 1017 in
436 970 565 1034 unum,
583 968 644 1021 aut
659 974 756 1021 arma
767 947 930 1047 capiendi
942 949 1044 1021 datur
1053 944 1219 1043 spatium.
1244 948 1362 1045 Qrum

385 1090 451 1162 pro
467 1064 501 1140 se
518 1066 668 1165 quisque
685 1069 870 1143 tenderent
887 1070 932 1141 ad
950 1088 1077 1166 portas,
1109 1070 1133 1140 fi
1151 1090 1225 1165 qua
1237 1062 1321 1138 sorte
1333 1062 1362 1136 se

386 1184 424 1258 in
439 1212 538 1285 agros
553 1186 676 1283 ejicere
693 1190 842 1285 possent,
868 1185 997 1263 clausas
1029 1186 1084 1283 (id
1101 1185 1201 1260 enim
1214 1183 1362 1284 primum

386 1304 537 1380 dietator
578 1306 821 1405 imperaverat)
867 1330 982 1406 portas
1021 1306 1222 1381 inveniunt.
1282 1305 1363 1377 Inde

386 1424 446 1499 alii
462 1449 557 1500 arma
577 1452 713 1525 capere,
739 1427 813 1516 alii,
843 1453 933 1525 quos
950 1427 1039 1502 sorte
1059 1448 1212 1501 armatos
1238 1425 1363 1499 tumul·

387 1568 444 1621 tus
474 1570 717 1645 occupaverat,
755 1570 950 1623 convocare
980 1545 1072 1635 suos,
1112 1568 1155 1620 ut
1198 1542 1364 1645 proelium

387 1664 526 1741 inirent.
576 1670 688 1768 Qrod
701 1666 888 1742 accensum
901 1670 947 1742 ab
960 1666 1201 1765 desperatione
1218 1664 1365 1739 hostium

387 1785 521 1874 fuisset3
554 1786 588 1859 ni
620 1814 821 1886 praecones,
849 1814 910 1886 per
942 1791 1069 1863 urbem
1100 1786 1243 1873 dimisfi,
1285 1781 1364 1881 poni

387 1933 496 1993 arma,
523 1910 557 1981 ἃ
581 1906 675 2005 parci
695 1907 821 1981 inermi
832 1910 1014 2004 jussissent,
1036 1934 1100 1981 nec
1115 1928 1250 2005 praeter
1264 1928 1365 1977 arma·

389 2048 443 2101 tos
460 2053 680 2125 quemquam
692 2026 827 2103 violari.
878 2031 978 2103 Tum
1000 2027 1123 2115 etiam,
1152 2025 1284 2124 quibus
1297 2020 1365 2097 ani-

388 2146 439 2220 mi
470 2146 508 2219 in
525 2146 583 2245 spe
610 2146 737 2220 ultima
765 2146 931 2223 obstinati
958 2149 1004 2222 ad
1020 2148 1280 2222 decertandum
1296 2140 1366 2215 sue-

388 2285 477 2354 rant,
508 2266 694 2365 postquam
711 2269 793 2341 data
808 2268 882 2367 spes
898 2268 989 2342 vitae
1014 2267 1077 2356 est,
1105 2268 1238 2364 jaclare
1257 2264 1367 2363 passim

389 2412 498 2473 arma,
532 2385 765 2485 inermesque,
794 2390 895 2486 quod
922 2386 1034 2463 tutius
1062 2384 1208 2461 fortuna
1233 2384 1365 2467 fecerat,

389 2505 423 2580 se
446 2506 537 2580 hosti
563 2506 711 2582 obferre.
763 2510 902 2607 Magna
922 2506 1118 2581 multitudo
1136 2506 1177 2581 in
1201 2501 1367 2581 custodias

390 2625 516 2701 divisa:
547 2626 725 2727 oppidum
750 2649 830 2701 ante
859 2630 1001 2701 noctem
1017 2626 1200 2701 redditum
1227 2620 1367 2700 Sutrinis

391 2747 602 2822 inviolatum
635 2748 886 2847 integrumque
920 2750 965 2823 ab
999 2746 1099 2821 omni
1132 2748 1234 2821 clade
1276 2741 1365 2827 belli,

391 2867 565 2966 quianon
583 2868 620 2942 vi
645 2891 804 2967 captum,
831 2867 890 2941 sed
915 2866 1086 2941 traditum
1113 2894 1177 2967 per
1199 2861 1367 2943 conditio-

392 3014 453 3062 nes
470 2988 593 3063 suerat.
1348 3084 1350 3087 Ι

442 3109 505 3181 IV.
532 3108 704 3183 Camillus
730 3109 768 3182 in
784 3113 911 3185 urbem
927 3107 1150 3207 triumphans
1173 3106 1291 3194 rediit,
1314 3099 1368 3175 tri-

391 3254 457 3301 um
474 3231 575 3303 fimul
593 3231 767 3304 bellorum
786 3229 908 3304 vietor.
959 3232 1088 3328 Longe
1105 3228 1279 3329 plurimos
1294 3250 1367 3320 cap

394 3348 485 3421 tivos
502 3376 547 3422 ex
566 3347 721 3423 Etruscis
730 3370 810 3423 ante
825 3376 967 3425 currum
985 3350 1102 3424 duxit.
1152 3351 1297 3452 Qribus
1309 3345 1368 3420 sub

394 3466 491 3541 hasta
522 3468 758 3557 venumdatis,
806 3490 943 3543 tantum
977 3469 1063 3545 aeris
1095 3472 1278 3546 redactum
1310 3464 1368 3549 est,

393 3607 448 3673 ut,
475 3585 589 3685 pretio
618 3614 683 3685 pro
709 3614 795 3662 auro
823 3590 989 3665 matronis
1023 3588 1213 3689 persoluto,
1243 3610 1368 3670 exeo,

395 3710 497 3807 quod
530 3707 715 3807 supererat,
741 3730 809 3784 tres
835 3732 972 3809 paterae
996 3736 1120 3785 aureae
1149 3710 1261 3787 faciae
1293 3712 1367 3783 smt:

395 3856 496 3929 quas,
523 3856 608 3903 curn
625 3829 731 3903 titulo
754 3828 909 3905 nominis
927 3830 1083 3919 Camilli,
1111 3854 1192 3907 ante
1207 3824 1370 3928 Capitoli·

394 3976 460 4023 unt
481 3949 662 4025 incensum
687 3950 724 4023 in
754 3950 855 4046 Jovis
885 3952 972 4025 cella
998 3952 1132 4027 constat
1159 3976 1239 4029 ante
1268 3948 1369 4049 pedes

396 4070 549 4164 Junonis
571 4075 694 4169 positas
710 4070 822 4147 fuisse.
874 4072 930 4145 Eo
955 4097 1049 4147 anno
1069 4070 1107 4149 in
1124 4074 1302 4150 civitatem
1317 4092 1369 4143 ac·
