3067 5342
466 770 816 846 LinanIX.
1088 803 1158 876 339

168 953 194 1035 ‘.‘
212 944 385 1018 bellatum
415 943 529 1032 esse,’'.
553 941 751 1043 respondit:
788 950 879 1035 “&,
910 947 1083 1046 quoniam
1109 979 1156 1028 ne
1257 961 1260 970 '

170 1071 195 1106 “
213 1061 299 1138 vieti
322 1062 471 1161 quidem
497 1090 538 1138 ac
565 1064 657 1162 capti
682 1063 860 1140 fortunam
886 1065 985 1142 fateri
1016 1069 1154 1162 scirent,

144 1167 365 1258 '“inermes
395 1210 480 1259 cum
513 1183 655 1284 fingulis
681 1184 896 1262 vestimentis
925 1187 991 1263 sub
1022 1191 1156 1290 jugum

167 1303 412 1392 “missurum,
438 1302 521 1380 alias
538 1303 759 1379 conditiones
777 1305 874 1403 pacis
901 1333 1030 1406 aequas
1051 1310 1154 1387 vidia

167 1432 194 1466 “
212 1449 251 1498 ac
278 1421 472 1499 victoribus
502 1423 595 1513 sore3
636 1428 659 1498 sr
685 1451 770 1524 agro
799 1426 1015 1502 Samnitium
1048 1430 1152 1506 dece-

169 1551 196 1586 “
214 1543 367 1634 deretur,
403 1544 562 1620 coloniae
596 1546 868 1634 abducerentur,
911 1545 980 1621 suis
1022 1549 1153 1624 deinde

169 1674 195 1707 “
212 1663 352 1763 legibus
376 1667 586 1740 Romanum
603 1691 644 1739 ac
658 1665 854 1740 Samnitem
877 1693 993 1766 aequo
1010 1667 1153 1745 foedere

170 1793 196 1826 ‘⁴
213 1783 406 1860 vidurum.
456 1785 529 1860 His
556 1784 825 1861 conditionibus
849 1808 1011 1884 paratum
1031 1787 1065 1862 se
1087 1791 1154 1864 effe

168 1902 340 1979 “foedus
371 1931 455 1980 cum
480 1903 683 1980 consulibus
708 1903 826 1980 ferite:
854 1910 878 1979 fi
905 1907 997 2006 quid
1029 1935 1153 1985 eorum

169 2035 195 2068 ‘⁸
211 2022 406 2122 displiceat,
430 2025 562 2124 legatos
592 2024 705 2098 redire
730 2026 778 2099 ad
799 2023 833 2099 se
850 2026 999 2101 vetuitss’
1047 2031 1153 2128 Haec

167 2170 284 2243 quum
310 2143 440 2243 legatio
465 2143 740 2233 renunciarem,
760 2166 878 2220 tantus
900 2146 1054 2246 gemitus
1075 2175 1152 2224 otn-

164 2263 268 2338 nium
296 2263 413 2341 subito
443 2286 587 2339 exortus
610 2264 672 2358 est,
700 2285 866 2363 tantaque
893 2267 1070 2341 moestitia
1094 2268 1148 2342 in-

165 2387 274 2472 ceffit,
309 2407 352 2458 ut
384 2411 457 2460 non
490 2384 628 2484 gravius
664 2384 843 2483 accepturi
876 2385 1092 2478 viderentur,
1128 2393 1153 2464 sr

167 2503 408 2593 nunciaretur,
436 2504 606 2579 omnibus
629 2531 672 2580 eo
698 2507 780 2580 loco
801 2525 953 2580 mortem
979 2511 1150 2607 obpeten-

167 2625 252 2698 dam
269 2626 348 2699 esse.
399 2629 527 2726 Qum
551 2624 616 2698 diu
632 2624 807 2698 nlentium
824 2623 952 2711 fuisset,
981 2653 1048 2703 nec
1064 2657 1150 2704 con·

166 2742 257 2818 sules
273 2765 336 2818 aut
358 2769 422 2842 pro
439 2743 580 2819 foedere
611 2765 684 2819 tam
710 2743 820 2843 turpi,
851 2766 912 2819 aut
938 2768 1060 2822 contra
1077 2747 1150 2823 foe-

166 2865 235 2938 dus
246 2884 319 2939 tam
332 2863 560 2940 necessatium
577 2863 708 2940 hiscere
721 2867 877 2962 poffent;
898 2889 977 2940 tum
991 2870 1038 2942 L.
1052 2869 1149 2942 Len·

163 2985 272 3072 tulus,
304 2982 466 3081 quitum
492 2983 653 3083 princeps
674 2988 872 3085 legatorum
887 2987 1019 3062 virtute
1038 3008 1147 3087 atque

164 3101 361 3178 honoribus
378 3125 461 3192 emt,
488 3107 665 3179 “Patrem
679 3109 838 3194 meum,”
862 3106 994 3206 inquit,
1022 3117 1048 3152 “
1062 3133 1147 3182 con·-

167 3233 192 3267 “
211 3220 313 3312 soles,
344 3222 442 3322 saepe
467 3224 589 3300 audivi
619 3247 887 3316 memorantem,
914 3225 948 3300 se
981 3225 1019 3300 in
1042 3225 1148 3324 Capi-

166 3353 193 3388 “
211 3341 298 3418 tolio
310 3369 427 3418 unum
456 3371 529 3419 non
558 3344 658 3420 fuisse
681 3349 861 3421 auctorem
890 3337 1025 3421 senatui
1056 3345 1148 3421 redi-

166 3473 191 3508 “
209 3465 360 3538 mendae
389 3489 475 3539 auro
503 3492 524 3538 a
557 3465 667 3540 Gallis
697 3464 862 3554 civitatis,
901 3466 1047 3564 quando
1079 3493 1146 3542 nec

165 3593 191 3629 “
208 3583 293 3658 sosia
308 3586 472 3683 valloque
489 3589 534 3660 ab
552 3584 771 3685 ignaviflimo
791 3587 837 3659 ad
864 3610 971 3683 opera
998 3611 1039 3661 ac
1065 3612 1147 3661 mu·

164 3713 190 3747 ‘'‘
209 3701 382 3778 niendum
412 3705 511 3778 hoste
540 3707 644 3780 claust
673 3707 804 3793 effent3
848 3709 882 3779 dc
909 3729 1093 3804 erumpere
1120 3708 1145 3779 st

163 3833 189 3867 “
208 3849 281 3898 non
294 3827 363 3899 fine
380 3824 540 3923 periculo
557 3850 701 3924 magno,
727 3845 847 3900 tamen
863 3828 932 3898 fine
947 3845 1040 3899 certa
1068 3849 1145 3922 per·

163 3952 190 3987 “
208 3942 301 4019 nicie
326 3947 473 4044 possent.
522 3946 634 4046 Qlod
660 3947 697 4032 fi,
721 3966 763 4018 ut
795 3944 865 4019 illis
887 3946 1071 4020 decurrere
1099 3969 1145 4018 ex

163 4072 188 4107 “
208 4063 386 4163 Capitolio
410 4063 550 4140 armatis
571 4063 608 4138 in
629 4063 766 4138 hostem
794 4063 908 4152 licuit,
937 4069 1029 4163 (quo
1044 4063 1144 4165 saepe

164 4185 320 4259 “modo
345 4184 466 4260 obseffi
492 4183 531 4258 in
557 4185 752 4260 obsidentes
771 4186 977 4283 eruperunt)
1004 4183 1054 4262 ita
1080 4211 1145 4260 no·

193 4470 210 4546 i
