3067 5342
519 685 557 760 L
582 707 597 756 1
626 706 647 757 n
676 707 698 758 t
726 706 750 756 n
801 681 901 760 VIII.
1107 707 1188 789 ,327

203 843 329 934 eundi,
355 872 473 948 neque
489 849 658 926 manendi
675 849 817 950 copiam
841 852 908 926 esse
923 847 1038 936 videt,
1062 845 1189 924 instru-

202 966 232 1042 it
252 965 380 1057 aciem,
412 968 667 1070 inpedimentis
695 998 740 1046 ex
759 970 902 1072 agmine
924 967 1080 1046 remoris.
1128 971 1188 1044 In·

202 1089 343 1166 struunt
359 1095 536 1166 contra&
563 1092 690 1182 hostes,
717 1096 751 1167 δι
775 1091 903 1167 animis
925 1094 959 1164 δι
976 1089 1110 1166 viribus
1125 1115 1188 1188 pa·

202 1233 267 1286 res.
318 1215 479 1286 Auxerat
504 1209 545 1286 id
574 1211 729 1288 maxime
759 1212 911 1300 animos,
936 1211 1050 1310 quod,
1072 1208 1187 1310 ignari

202 1331 284 1406 loco
309 1329 451 1432 iniquo,
477 1357 550 1408 non
579 1333 684 1423 hosti,
714 1337 860 1421 ceffum,
889 1334 989 1407 velut
1009 1329 1186 1431 fugientes

200 1476 243 1527 ac
273 1450 410 1528 territos
430 1451 601 1530 terribiles
632 1453 695 1553 ipfi
722 1452 831 1528 secuti
859 1452 1008 1528 fuerant.
1057 1453 1103 1526 Id
1124 1451 1188 1526 ali·

201 1571 379 1672 quamdiu
395 1573 561 1673 aequavit
579 1601 752 1675 pugnarn,
776 1575 851 1672 jam
874 1573 1015 1672 pridem
1041 1571 1186 1648 desueto

200 1693 358 1768 Samnite
387 1695 577 1770 clamorem
600 1694 758 1770 Romani
781 1694 957 1770 exercitus
983 1691 1069 1793 pati.
1118 1696 1184 1782 At,

199 1814 358 1901 hercule,
383 1812 445 1888 illo
468 1813 527 1888 die
554 1818 599 1890 ab
632 1816 718 1891 hora
739 1815 812 1890 diei
841 1815 943 1890 tertia
960 1816 1008 1890 ad
1024 1815 1185 1888 octavam

200 1931 251 2008 ita
277 1960 407 2034 anceps
441 1933 573 2011 dicitur
603 1957 781 2010 certarnen
813 1934 951 2024 stetisse,
984 1956 1027 2009 ut
1066 1960 1184 2033 neque

199 2055 344 2143 clamor,
371 2076 415 2128 ut
440 2054 557 2155 primo
589 2054 712 2131 semel,
728 2055 900 2132 concursu
934 2054 985 2130 est
1012 2051 1183 2144 sublatus,

200 2173 343 2250 iteratus
366 2179 423 2265 srt3
460 2201 578 2275 neque
608 2179 701 2275 srgna
726 2198 890 2274 promota
920 2177 1014 2264 loco,
1047 2195 1183 2250 retrove

201 2317 360 2396 recepta;
394 2321 512 2396 neque
533 2295 713 2372 recursum
742 2300 789 2373 ab
814 2297 888 2372 ulla
915 2299 956 2370 fit
981 2315 1090 2395 parte.
1139 2297 1183 2372 In

198 2417 263 2494 suo
285 2416 435 2518 quisque
453 2419 565 2518 gradu
592 2415 731 2506 obnixi,
757 2437 950 2516 urguentes
967 2414 1087 2506 scutis,
1111 2419 1182 2493 fine

199 2535 422 2636 respiratione
437 2563 478 2614 ac
491 2535 647 2636 respestu
666 2525 884 2636 pugnabant.
933 2537 1111 2612 Fremitus
1126 2565 1183 2614 ae·

199 2653 327 2754 qualis,
359 2675 531 2756 tenorque
550 2655 646 2732 idem
659 2681 804 2755 ,pugnae
827 2653 865 2727 in
891 2653 1182 2755 defatigationem

199 2776 363 2852 ultimam
389 2797 451 2850 aut
476 2779 618 2850 nonem
640 2774 828 2875 spectabat.
877 2776 960 2869 Jam
978 2774 1062 2852 viris
1076 2776 1181 2869 vires,

193 2899 270 2995 jam
287 2896 378 2972 ferro
398 2895 544 2986 suavis,
572 2897 648 2993 jam
674 2895 816 2972 confrlia
841 2894 996 2971 ducibus
1012 2897 1178 2982 deerant:

199 3042 315 3118 quurn
333 3016 451 3093 subito
480 3015 694 3092 Samnitium
721 3013 873 3113 equites,
902 3040 1031 3115 quum,
1065 3040 1181 3096 turma

198 3165 272 3214 una
304 3137 448 3238 longius
473 3139 650 3237 provesin,
689 3134 912 3234 accepissent,
938 3136 1182 3235 inpedimenta

199 3263 451 3336 Romanorum
484 3259 608 3356 procul
642 3259 687 3332 ab
726 3255 868 3330 armatis
899 3259 969 3332 fine
998 3259 1181 3356 praefidio,

199 3385 268 3456 fine
294 3379 520 3456 munimento
537 3377 635 3466 stare,
664 3375 832 3452 aviditate
855 3380 1003 3476 praedae
1019 3377 1181 3478 inpetum

198 3501 346 3578 faciunt.
405 3499 518 3601 Qtod
547 3497 612 3574 ubi
647 3496 811 3572 dictatori
842 3497 1000 3597 trepidus
1028 3499 1182 3576 nuncius

197 3621 327 3698 adtulit
333 3655 345 3710 3
373 3631 398 3665 ‘⁴
417 3620 499 3700 Sine
534 3619 681 3707 mod0,‘'
721 3617 854 3720 inquit,
895 3629 920 3664 “
952 3618 1020 3695 sese
1052 3623 1182 3721 praeda

199 3754 225 3792 “
242 3741 503 3843 praepediant.”
552 3737 629 3814 Alii
656 3737 788 3814 deinde
813 3737 915 3838 super
942 3740 1042 3828 alios,
1071 3740 1179 3840 diripi

197 3865 318 3962 paffim
343 3861 496 3961 ferrique
513 3858 669 3936 fortunas
690 3858 861 3948 militurn,
886 3859 1179 3938 vociferabantur.

198 3986 299 4060 Turn
332 3981 498 4082 magistro
522 3979 689 4080 equitum
721 3978 854 4069 adcito,
896 3990 921 4024 “
957 3980 1067 4058 Vides
1102 3986 1180 4073 tu,''

201 4102 332 4206 inquit,
359 4113 385 4148 “
403 4105 463 4178 Μ.
484 4100 586 4191 Fabi,
616 4102 662 4176 ab
688 4099 846 4176 hostium
872 4100 993 4202 equite
1019 4102 1181 4180 omissam
