3067 5342
436 739 440 752 ·
526 722 874 797 LrarnIX.
1103 721 1170 818 361

195 894 340 995 Papirio
370 893 532 984 Cursore,
556 895 722 996 magistro
749 895 928 995 equitum,
966 919 1023 970 eas
1044 919 1098 968 res
1129 893 1176 968 ad

197 1014 395 1103 Caudium,
426 1037 533 1113 atque
555 1015 639 1091 inde
672 1014 864 1092 Luceriam
894 1014 1043 1114 gesserit,
1065 1014 1175 1090 ultor·

198 1161 271 1234 que
290 1134 420 1211 unicus
437 1138 622 1210 Romanae
638 1133 870 1234 ignominiae,
893 1133 990 1210 haud
1007 1131 1114 1208 sciam
1129 1159 1175 1208 an

190 1254 378 1352 justiffimo
408 1253 590 1354 triumpho
617 1255 665 1330 ad
696 1281 776 1330 eam
809 1274 955 1329 aetatem
978 1251 1177 1328 secundum

196 1373 350 1451 Furium
373 1373 579 1463 Camillum,
605 1371 886 1473 triumphaverit,
916 1399 961 1447 an
988 1371 1175 1448 consulum

196 1492 403 1592 Papiriiqne
434 1485 665 1594 praecipuum
697 1493 737 1570 id
762 1495 872 1570 decus
909 1496 959 1568 fit.
1008 1490 1176 1592 Sequitur

195 1617 297 1690 hunc
312 1640 464 1689 errorem
478 1614 567 1690 alius
582 1641 689 1704 error,
706 1613 879 1690 Cursorne
893 1609 1053 1711 Papirius
1069 1635 1174 1710 prox·

195 1734 280 1810 imis
308 1733 462 1810 comitiis
490 1760 575 1810 cum
603 1739 660 1836 Q
680 1733 793 1810 Aulio
818 1736 1008 1810 Cerretano
1030 1731 1173 1821 iterum,

195 1857 246 1930 ob
260 1881 336 1929 rem
357 1857 448 1930 bene
470 1853 603 1954 gestam
623 1852 798 1928 Luceriae
819 1851 1027 1928 continuato
1048 1850 1175 1952 magis·

196 1993 303 2061 tratu,
334 1973 457 2050 consul
482 1971 626 2051 tertium
649 1994 784 2048 creatus
800 1977 858 2062 fit,
887 1999 933 2048 an
948 1975 996 2047 L.
1012 1971 1174 2070 Papirius

194 2092 437 2192 Mugillanus,
470 2099 505 2168 &
521 2093 560 2168 in
576 2091 790 2192 cognomine
803 2113 955 2169 erratum
968 2096 1018 2168 srt.

245 2215 349 2288 XVI.
374 2211 567 2301 Convenit,
592 2212 668 2310 jam
684 2211 770 2288 inde
792 2210 1025 2312 perconsules
1040 2211 1176 2310 reliqua

198 2333 288 2409 belli
316 2332 481 2432 persesla.
531 2331 664 2408 Aulius
686 2359 772 2408 cum
802 2331 1005 2408 Ferentanis
1031 2356 1106 2405 uno
1128 2331 1177 2408 se·

197 2454 323 2528 cundo
339 2452 475 2553 proelio
491 2451 699 2541 debellavit3
729 2455 929 2550 urbemque
946 2450 1070 2552 ipsam,
1103 2477 1178 2550 quo

198 2571 233 2648 se
263 2571 340 2648 susa
363 2574 558 2647 contulerat
581 2571 687 2661 acies,
712 2571 892 2649 obfidibus
915 2571 1107 2670 imperatis,
1137 2569 1176 2646 in

197 2690 420 2768 deditionem
439 2691 586 2790 accepit.
636 2690 714 2766 Pari
734 2690 876 2766 fortuna
892 2689 1078 2768 consulum
1091 2691 1176 2766 alter

197 2838 282 2887 cum
294 2811 492 2898 Satricanis,
517 2811 582 2909 qui
598 2810 693 2886 cives
708 2809 866 2887 Romani
882 2810 960 2908 post
973 2807 1175 2886 Caudinam

197 2932 340 3007 cladem
372 2933 419 3006 ad
440 2929 613 3006 Samnites
647 2929 861 3019 defecerant,
894 2915 1176 3030 praesidiumque

201 3078 328 3126 eorum
356 3050 395 3125 in
416 3055 544 3127 urbem
572 3071 791 3148 acceperant,
816 3077 890 3125 rem
921 3053 1029 3149 geffit.
1058 3051 1175 3136 'Nam

197 3196 316 3270 quum
332 3172 379 3245 ad
396 3169 538 3246 moenia
551 3169 675 3245 Satrici
699 3172 865 3244 admotus
881 3173 964 3244 esset
987 3168 1175 3258 exercitus,

197 3287 406 3390 legatisque,
431 3289 538 3366 miffis
553 3291 600 3364 ad
616 3315 742 3387 pacem
766 3316 852 3365 cum
869 3288 1033 3388 precibus
1054 3310 1175 3387 peten-

196 3413 294 3498 dam,
322 3409 417 3484 triste
433 3407 635 3507 responsum
648 3411 694 3484 ab
717 3405 857 3484 consule
872 3406 1053 3482 redditum
1078 3411 1174 3497 esset,

197 3539 223 3574 “
240 3527 303 3604 nifi
319 3529 488 3628 praefidio
513 3526 727 3614 Samnitium
749 3525 932 3602 intersedo
947 3548 1009 3601 aut
1031 3529 1174 3618 tradito,

200 3659 227 3694 “
244 3675 290 3723 ne
306 3650 354 3722 ad
376 3646 411 3723 se
435 3650 671 3735 remearent;”
701 3649 781 3745 plus
807 3673 848 3721 ea
862 3673 964 3734 voce,
996 3672 1106 3745 quam
1123 3675 1174 3723 ar·

197 3767 266 3845 mis
296 3767 425 3856 inlatis,
469 3766 608 3843 terroris
637 3765 773 3842 colonis
801 3765 982 3863 injectum.
1048 3769 1174 3868 ltaque

197 3886 348 3965 subinde
370 3884 598 3988 exsequentes
619 3887 823 3986 quaerendo
844 3911 865 3962 a
886 3883 1028 3962 consule
1054 3890 1174 3990 legati,

198 4033 357 4108 quonam
372 4007 405 4082 se
420 4009 524 4108 pado
538 4033 667 4107 paucos
684 4012 719 4081 &
737 4005 896 4080 infirmos
908 4008 1063 4086 crederet
1078 4033 1175 4108 prae·

196 4127 285 4204 fidio
300 4149 374 4204 tam
392 4127 512 4204 valido
534 4132 569 4203 ὅτ
585 4146 718 4202 armato
743 4124 819 4201 vim
838 4126 1029 4225 adlaturos,
1054 4139 1100 4212 ab
1119 4137 1174 4213 iis.
