3067 5342
316 811 321 820 ·
420 791 490 866 340
786 766 834 840 T.
883 767 1076 840 L1v11

422 938 521 1013 “bis
547 961 664 1035 aequo
687 957 747 1010 aut
776 934 904 1037 iniquo
925 940 1007 1014 loco
1028 935 1229 1013 dimicandi
1250 954 1389 1009 tantum·

422 1059 576 1132 “modo
596 1081 681 1130 cum
699 1057 797 1130 hoste
812 1057 916 1156 copia
936 1061 1031 1145 effet,
1060 1083 1134 1132 non
1155 1054 1248 1131 mihi
1270 1051 1390 1153 paterni

424 1189 449 1223 “
467 1177 577 1251 animi
594 1175 732 1250 indoles
750 1175 787 1249 in
805 1177 949 1250 confilio
962 1178 1081 1252 dando
1098 1177 1240 1250 deesset.
1290 1171 1391 1272 Equi·

424 1307 449 1342 “
468 1298 552 1371 dem
569 1317 720 1370 mortem
743 1321 806 1394 pro
823 1295 933 1394 patria
953 1299 1166 1394 praeclaram
1191 1298 1259 1370 effe
1274 1294 1391 1368 fateor:

424 1425 450 1462 “
469 1421 502 1490 &
522 1441 579 1488 me
596 1415 652 1488 vel
669 1416 842 1490 devovere
865 1441 929 1513 pro
945 1419 1081 1514 populo
1106 1419 1279 1491 Romano
1294 1411 1392 1513 legit>

424 1545 449 1582 ‘⁸
469 1532 657 1632 nibusque,
687 1535 744 1608 vel
775 1533 813 1608 in
837 1534 975 1609 medios
1000 1561 1059 1610 me
1084 1535 1267 1612 inmittere
1292 1533 1393 1608 hostes

425 1665 450 1699 ‘⁸
469 1674 607 1753 paratus
618 1651 707 1726 sum.
756 1654 827 1727 Sed
843 1653 902 1728 hic
919 1654 1066 1753 patriam
1078 1655 1203 1744 video,
1230 1655 1288 1729 hic
1300 1651 1395 1750 quid·

425 1772 560 1871 “quid
590 1775 837 1848 Romanarum
869 1773 1052 1872 legionum
1078 1773 1141 1848 est.
1192 1780 1307 1876 Quo,
1341 1769 1394 1844 niu

426 1903 451 1936 ‘⁸
470 1919 534 1990 pro
567 1891 600 1966 se
628 1892 706 1990 ipfis
738 1895 784 1966 ad
822 1916 973 1966 mortem
1006 1919 1106 1968 ruere
1135 1897 1277 1983 volunt,
1315 1889 1393 1988 quid

427 2023 452 2056 ‘⁸
471 2015 614 2100 habent,
642 2015 743 2110 quod
759 2034 872 2086 morte
890 2012 949 2087 sua
964 2011 1121 2088 servent?
1174 2018 1212 2090 T
1211 2017 1286 2088 eeu
1296 2009 1393 2094 urbis,

428 2143 453 2176 ‘⁸
472 2131 569 2208 dicat
602 2131 744 2230 aliquis,
777 2137 812 2205 &
841 2131 994 2220 moenia,
1037 2138 1070 2207 &
1100 2160 1182 2208 eam
1209 2135 1395 2216 turbama

427 2262 544 2350 “qua
565 2255 649 2326 urbs
673 2249 850 2324 incolitur.
900 2253 1031 2340 Immo,
1062 2253 1224 2343 hercule,
1253 2250 1393 2351 produn·

428 2383 530 2445 “tur
556 2395 597 2444 ea
622 2369 755 2457 omnia,
796 2373 914 2446 deleto
938 2374 1008 2446 hoc
1037 2373 1213 2461 exercitu,
1244 2397 1315 2447 non
1336 2367 1392 2441 ser·

428 2500 455 2534 “
472 2511 608 2564 vantur.
658 2489 751 2591 Q1is
773 2490 872 2564 enim
898 2517 940 2565 ea
963 2489 1146 2566 tuebitur?
1198 2489 1336 2568 Inbellis
1349 2485 1393 2560 vi·

427 2609 600 2686 “delicet
631 2631 738 2710 atque
771 2609 915 2684 inermis
946 2611 1168 2686 multitudo?
1216 2634 1300 2697 tam,
1326 2611 1392 2682 her·

429 2741 454 2775 “
472 2733 565 2819 cule,
597 2755 706 2829 quam
729 2731 952 2805 aGallorum
974 2729 1098 2829 inpetu
1125 2728 1298 2808 defendiu
1343 2731 1394 2801 An

429 2861 454 2894 “
473 2875 493 2924 a
510 2847 604 2947 Vejis
629 2849 825 2923 exercitum
841 2849 1108 2951 Camillumque
1131 2855 1267 2929 ducem
1294 2847 1393 2946 inplo-

430 2979 455 3016 “
475 2971 624 3042 tabunt?
674 2968 751 3044 Hic
776 2994 900 3042 omnes
916 2967 992 3068 spes
1018 2969 1174 3068 opesque
1202 2971 1293 3057 sunt,
1319 2989 1394 3064 quas

431 3099 456 3134 “
474 3087 641 3163 servando
654 3088 803 3186 patriam
814 3088 1009 3163 servamus:
1039 3091 1211 3166 dedendo
1226 3092 1271 3164 ad
1284 3107 1393 3163 necem

430 3219 457 3253 “
474 3207 620 3306 patriam
637 3206 829 3284 deserimus
847 3233 888 3282 ac
915 3207 1112 3305 prodimus.
1161 3217 1216 3284 At
1238 3209 1337 3288 foeda
1350 3224 1391 3277 at·

431 3338 457 3371 “
475 3354 546 3426 que
577 3325 812 3426 ignominiosa
837 3326 975 3402 deditio
999 3327 1060 3402 est.
1119 3331 1191 3404 Sed
1216 3357 1258 3404 ea
1285 3323 1392 3402 caritas

430 3456 455 3489 ‘⁶
473 3445 602 3544 patriae
619 3447 681 3534 est,
711 3468 753 3520 ut
769 3469 841 3520 tam
854 3445 1052 3545 ignominia
1063 3473 1155 3534 eam,
1169 3475 1279 3548 quam
1295 3462 1392 3520 morte

429 3575 455 3612 “
474 3565 600 3652 nostra,
629 3570 652 3640 fi
680 3591 770 3664 opus
797 3570 849 3654 fit,
885 3565 1070 3641 servemus.
1120 3571 1294 3643 Subeatur
1320 3583 1392 3658 ergo

428 3697 454 3730 ‘⁸
474 3685 548 3772 ista,
580 3707 872 3784 quantacumque
899 3685 961 3774 est,
996 3685 1190 3785 indignitas
1197 3721 1209 3777 3
1240 3693 1274 3762 u
1289 3705 1391 3784 pasea-

430 3817 456 3852 “
473 3827 531 3881 tur
548 3804 748 3893 neceffitati,
780 3831 890 3904 quam
908 3833 952 3879 ne
980 3804 1044 3880 Dii
1068 3805 1220 3905 quidem
1236 3807 1392 3904 superant·

430 3937 456 3970 “
475 3928 541 4012 Ite,
568 3923 740 4012 consules,
773 3922 936 3999 redimite
952 3926 1058 4000 armis
1075 3925 1268 4016 civitatem,
1296 3943 1391 4023 quam

431 4054 457 4088 “
475 4069 560 4118 auro
577 4044 722 4139 majores
737 4043 840 4118 vestri
855 4046 1117 4152 redemeruut.”
