3067 5342
390 695 435 766 68
721 695 1035 767 T.Lrvtr

392 869 463 940 bat.
513 869 556 940 ln
582 869 687 940 altera
712 868 788 940 acie
817 867 907 940 nihil
940 865 1048 940 limile
1077 863 1264 952 Romanis,
1296 889 1371 937 non

392 987 489 1082 apud
515 987 638 1074 duces,
664 1013 736 1060 non
758 989 854 1084 apud
879 985 1023 1074 milites,
1052 1005 1135 1058 erat.
1185 988 1299 1058 Pavor
1313 983 1372 1056 fu-

393 1130 509 1202 gaque
539 1128 771 1203 occupaverat
795 1105 946 1193 animos,
989 1110 1023 1180 &
1057 1125 1153 1178 tanta
1181 1103 1374 1178 hominum

394 1223 542 1312 oblivio,
571 1247 613 1299 ut
635 1225 751 1299 inulto
776 1230 888 1323 major
913 1251 992 1324 pars
1005 1225 1124 1320 Vejos‚
1158 1223 1197 1296 in
1216 1222 1376 1298 hostium

395 1347 535 1432 urbem,
566 1369 679 1444 quum
701 1346 843 1420 Tiberis
869 1367 1013 1433 arceret,
1055 1371 1166 1443 quam
1194 1346 1290 1418 reno
1316 1342 1375 1416 iti-

397 1489 478 1537 nere
512 1467 669 1540 Romam
694 1467 740 1540 ad
772 1467 940 1564 conjuges
969 1491 1011 1538 ac
1042 1463 1170 1538 liberos
1196 1461 1374 1562 fugerent.

397 1585 589 1682 Parumper
605 1583 822 1659 subsidiarios
844 1605 978 1658 ortatus
1002 1583 1053 1656 est
1073 1585 1185 1657 locus.
1234 1586 1277 1656 In
1293 1581 1375 1655 reli-

398 1727 471 1799 qua
484 1704 557 1778 acie
575 1707 675 1778 simul
692 1705 741 1778 est
755 1706 900 1791 clamor,
928 1703 1100 1802 proximis
1116 1707 1162 1778 ab
1177 1705 1295 1788 latere,
1321 1702 1377 1773 ul·

400 1821 496 1896 timis
518 1828 563 1898 ab
590 1845 702 1922 terg0‚
733 1822 890 1910 auditus,
920 1823 1085 1921 ignotum
1112 1823 1249 1896 hostem
1277 1818 1377 1916 prius

399 1967 489 2038 pene
507 1969 615 2040 quam
632 1942 807 2031 viderent,
840 1969 913 2016 non
934 1945 1044 2016 modo
1062 1969 1134 2015 non
1151 1964 1376 2044 tentatoeer-

401 2060 546 2148 tamine,
572 2061 693 2136 sedne
711 2065 862 2136 clamore
884 2061 1034 2160 quidem
1060 2061 1213 2148 reddito,
1247 2058 1378 2157 integri

401 2179 594 2278 intaetique
611 2180 788 2280 fugerunt.
838 2185 918 2256 Nec
942 2183 1016 2254 ulla
1037 2182 1162 2255 caedes
1186 2178 1378 2279 pugnanti·

401 2323 466 2372 urn
479 2299 559 2372 fuit.
608 2303 726 2398 Terga
742 2299 837 2374 caesa
852 2300 989 2374 suomet
1014 2299 1171 2398 ipsorum
1187 2298 1378 2375 certamine

402 2418 440 2491 in
453 2421 555 2493 turba
569 2417 829 2516 inpedientium
845 2419 981 2518 fugam.
1019 2420 1124 2494 Circa
1139 2419 1252 2517 ripam
1267 2417 1379 2493 Tibe·

402 2536 462 2625 ris,
491 2563 566 2635 quo
582 2538 686 2614 armis
709 2539 850 2634 abjeetis
867 2561 985 2613 totum
1002 2539 1175 2614 sinistrum
1189 2563 1302 2614 comu
1317 2539 1379 2612 de-

402 2656 508 2756 fugit,
539 2683 667 2755 magna
697 2657 823 2756 strages
851 2658 941 2733 fafta
966 2660 1036 2733 est:
1081 2657 1296 2758 multosque,
1325 2657 1379 2730 in-

404 2777 532 2876 peritos
556 2775 664 2850 nandi
688 2799 749 2850 aut
778 2777 964 2866 invalidos,
993 2805 1113 2878 graves
1143 2777 1261 2852 loricis
1291 2776 1379 2850 aliis-

404 2925 475 2997 que
501 2897 719 2995 tegminibus
750 2896 891 2970 hausere
914 2897 1083 2998 gurgites.
1132 2897 1300 2972 Maxima
1330 2919 1381 2969 ta·

405 3045 489 3092 men
519 3043 596 3114 pars
624 3017 814 3090 incolumis
840 3019 944 3114 Vejos
974 3017 1150 3116 perfugit3
1183 3017 1282 3089 unde
1308 3042 1382 3090 non
1442 3085 1449 3100 ⁴

405 3139 515 3210 modo
538 3135 695 3232 praesidii
721 3135 934 3235 quidquam,
959 3135 1019 3211 sed
1047 3163 1091 3211 ne
1121 3133 1275 3210 nuncius
1302 3135 1382 3233 qui·
1443 3143 1447 3151 '

406 3259 489 3328 dem
505 3254 627 3342 cladis,
654 3259 813 3328 Romam
829 3257 879 3330 est
895 3256 1026 3331 miffus.
1078 3260 1139 3330 Ab
1161 3257 1289 3329 dextro
1305 3281 1382 3329 cor-

407 3401 470 3460 nu,
502 3375 602 3470 quod
626 3377 750 3472 procul
780 3403 801 3448 a
829 3376 979 3449 flumine
996 3381 1030 3449 ἃ
1047 3374 1161 3474 magis
1179 3374 1384 3448 submonte

383 3493 553 3581 steterat,
584 3497 740 3568 Romam
770 3521 893 3568 omnes
922 3498 1065 3592 petiere,
1107 3499 1156 3581 dt,
1188 3521 1233 3568 ne
1262 3497 1385 3569 clausis

407 3613 556 3714 quidem
571 3612 681 3711 portis
696 3614 807 3702 urbis,
838 3615 876 3688 in
896 3641 1013 3688 artem
1028 3613 1280 3712 confugerunt.

464 3735 642 3808 XXXIX.
676 3736 797 3808 Gallos
826 3761 972 3833 quoque
1001 3736 1100 3808 velut
1124 3732 1387 3830 obstupefadlos

407 3854 619 3928 miraculum
640 3853 805 3928 vidioriae
835 3875 907 3927 tam
938 3853 1138 3952 repentinae
1161 3852 1288 3927 tenuit.
1338 3856 1388 3925 Et

407 3973 468 4071 ipfi
487 4001 613 4071 pavore
629 3976 738 4050 delixi
753 3973 911 4072 primum
932 3975 1112 4062 steterunt,
1145 3977 1244 4049 velut
1259 3971 1386 4071 ignari,

408 4092 498 4193 quid
524 4093 711 4170 accidiffet.
763 4093 906 4170 Deinde
935 4093 1075 4169 infidias
1101 4094 1232 4181 vereri;
1257 4092 1387 4192 postre-
