3067 5342
508 657 857 733 LsnnnIX
1115 682 1187 758 my

200 824 319 898 cunda
344 822 459 921 prima
474 824 576 902 acies.
627 828 689 902 Ab
710 823 848 902 ultimis
871 823 1002 899 deinde
1024 823 1183 901 subsrdiis

198 942 312 1016 cietur
326 942 451 1018 miles:
479 945 643 1044 adeoque
658 947 706 1020 ad
728 945 898 1019 ultimum
917 945 1045 1020 laboris
1061 972 1102 1022 ae
1122 972 1183 1044 pe·

198 1060 303 1137 rituli
328 1083 476 1139 ventum
503 1064 565 1153 est,
598 1087 641 1139 ut
670 1065 807 1164 equites
838 1065 1007 1153 Romani,
1053 1065 1182 1140 omillis

197 1182 313 1279 equis,
345 1186 392 1258 ad
415 1184 547 1283 primos
563 1182 704 1259 ordines
726 1185 888 1282 peditum
905 1210 968 1281 per
984 1209 1091 1273 arma,
1118 1211 1181 1284 per

196 1325 343 1400 corpora
358 1303 543 1378 evaserint:
575 1331 615 1379 ea
630 1305 729 1380 velut
745 1330 838 1378 nova
854 1302 945 1378 inter
961 1302 1062 1377 fellus
1078 1329 1179 1378 exor-

196 1440 234 1494 ta
259 1421 352 1496 acies
374 1423 530 1500 turbavit
553 1428 648 1523 ligna
674 1422 916 1499 Etruscorum.
966 1427 1094 1498 Secuta
1117 1424 1195 1497 de-‘

193 1538 278 1615 inde
306 1540 473 1640 inpetum
506 1570 645 1634 eorum,
691 1566 890 1642 utcumque
923 1543 1061 1619 adleta
1092 1564 1177 1631 etat,

193 1680 307 1735 cetera
325 1662 522 1738 multitudo
538 1664 682 1738 tandem
698 1663 896 1762 perrumpit
910 1663 1052 1739 ordines
1068 1663 1187 1740 hosti-1

192 1804 268 1855 um.
332 1783 441 1856 Tunc
471 1781 567 1857 vinci
599 1782 791 1880 pertinacia
821 1805 959 1881 coepta,
1000 1789 1034 1859 ὅτ
1067 1783 1175 1859 averti

190 1898 364 1997 manipuli
380 1898 551 1997 quidam:
580 1906 628 1990 &‚
660 1923 702 1975 ut
714 1901 820 1976 semel
841 1903 969 1978 dedere
987 1923 1095 2001 terga,
1110 1903 1174 1977 eti·

190 2044 248 2093 am
268 2017 452 2094 certiorem
469 2022 637 2117 capellere
654 2021 789 2121 fugam.
839 2024 902 2096 llle
915 2021 1073 2121 primum
1099 2022 1174 2096 dies

189 2136 332 2213 fortuna
346 2136 455 2212 veteri
472 2141 693 2214 abundantes
710 2140 941 2216 Etruscorum
954 2140 1058 2241 fregit
1077 2168 1173 2241 opes.

189 2255 341 2334 caesum
359 2257 397 2330 in
416 2256 504 2345 acie,
535 2260 635 2356 quod
652 2259 787 2334 roboris
809 2259 898 2347 fuit;
926 2261 1034 2336 castra
1056 2287 1099 2336 eo
1119 2259 1173 2334 in·

187 2397 273 2475 petu
292 2397 394 2473 capta
409 2376 628 2476 direptaque.

237 2498 322 2570 XL.
345 2495 428 2570 -Pari
455 2495 605 2571 subinde
627 2497 787 2597 periculo
815 2497 1017 2597 gloriaeque
1041 2520 1171 2574 eventu

188 2608 383 2692 bellum‘in
405 2615 624 2690 Samnitibus
645 2638 735 2704 erat;
770 2617 848 2715 qui,
879 2639 1012 2714 praeter
1038 2639 1170 2694 ceteros

187 2733 271 2809 belli
288 2737 487 2834 adparatus,
520 2757 563 2810 ut
578 2735 669 2811 acies
685 2733 747 2810 sua
764 2736 916 2836 fulgeret
932 2735 1034 2810 novis
1054 2763 1168 2812 armo·

186 2881 267 2929 rum
292 2853 499 2953 infignibus‚
525 2854 695 2930 fecerunt.
747 2857 834 2930 Duo
857 2856 1030 2930 exercitus
1053 2875 1166 2930 erant:

187 2973 284 3050 scuta
309 2972 451 3048 alterius
469 2999 569 3061 auro,
601 2973 743 3048 alterius
768 2996 913 3073 argento
935 2976 1167 3050 caelaverunt.

185 3095 316 3169 Forma
347 3113 419 3166 etat
444 3091 550 3167 scuti:
584 3090 765 3167 summum
794 3093 911 3180 latius,
943 3120 1015 3192 qua
1042 3096 1165 3190 pectus

183 3235 289 3312 atque
305 3212 446 3286 humeri
460 3231 640 3310 teguntur,
656 3210 796 3310 ¹fastigio
806 3211 944 3310 aequali
958 3244 968 3298 3
991 3212 1037 3286 ad
1047 3211 1165 3286 imum

182 3330 375 3420 cuneatior,
416 3329 623 3406 mobilitatis
653 3333 778 3405 cautla.
843 3329 999 3430 Spongia
1028 3329 1164 3428 pectori

182 3473 459 3552 tegumentumt
504 3455 538 3525 δι
573 3449 745 3524 sinistrum
778 3475 858 3524 crus
890 3475 992 3524 ocrea
1016 3453 1163 3525 tedium.

182 3574 312 3648 Galeae
338 3570 508 3658 cristatae,
535 3595 627 3668 quae
649 3568 802 3668 speciem
819 3569 1060 3668 magnitudini
1086 3595 1162 3645 cot-

180 3716 311 3788 porum
326 3691 508 3765 adderent.
558 3686 721 3764 Tunicae
738 3687 865 3762 auratis
889 3688 1062 3764 militibus
1085 3716 1160 3764 vet·

178 3813 349 3898 ficolores,
383 3807 571 3908 argentatis
592 3807 720 3881 linteae
747 3806 932 3881 candidae.
983 3807 1057 3882 His
1073 3809 1159 3883 dex·

179 3951 276 4007 trum
309 3956 419 4005 cornu
452 3930 603 4003 daturne
648 3926 700 4000 illi
731 3925 770 4001 in
797 3927 929 4001 sinistro
958 3928 1159 4006 consistunt.

180 4053 301 4126 Notus
319 4050 396 4146 jam
416 4045 593 4124 Romanis
618 4048 803 4145 adparatus
830 4045 1021 4146 insignium
1048 4075 1161 4124 armo·
