3067 5342
375 665 426 763 58.
682 663 996 736 T.Lrv11

374 836 459 936 suga
468 835 550 925 fuit,
568 826 791 936 triumphus,
809 836 964 925 Manlio,
977 859 1018 912 ut
1034 862 1141 911 ovans
1155 834 1356 938 ingredere-

373 979 431 1031 tur
457 959 595 1046 urbem,
617 959 798 1032 decretum
828 959 888 1033 est.
940 959 1080 1032 Eodem
1102 983 1195 1031 anno
1218 984 1354 1033 novum

373 1078 510 1156 bellum
534 1103 618 1152 cum
636 1079 907 1154 Volsiniensibus
921 1101 1101 1155 exortumz
1125 1104 1200 1176 quo
1214 1099 1357 1176 propter

376 1196 505 1272 famem
531 1197 834 1296 pestilentiamque
860 1199 899 1273 in
914 1225 997 1298 agro
1014 1202 1193 1286 Romano,
1221 1225 1267 1272 ex
1292 1201 1355 1271 fic-

375 1317 477 1392 citate
504 1317 745 1416 caloribusque
776 1318 894 1394 nimiis
920 1343 1046 1408 ortam,
1073 1318 1246 1394 exercitus
1268 1317 1356 1392 duci

374 1437 547 1535 nequivit.
598 1440 659 1512 Ob
675 1464 765 1536 quae
783 1437 1024 1526 Volsinienses,
1047 1438 1280 1537 Salpinatibus
1293 1439 1356 1511 ad-

272 1617 274 1622 .
368 1557 502 1653 jundis
519 1557 678 1655 superbia
693 1558 788 1646 elati,
814 1561 908 1633 ultro
924 1585 1025 1656 agros
1037 1561 1222 1633 Romanos
1238 1557 1357 1631 incur·

347 1676 499 1761 ,savere
550 1679 687 1750 Bellum
718 1677 801 1752 inde
829 1681 971 1754 duobus
999 1678 1140 1777 populis
1166 1677 1357 1752 indidlum.

375 1800 417 1882 C.
433 1796 551 1892 Julius
568 1796 688 1872 censor
702 1801 856 1872 deceffit:
878 1797 915 1871 in
932 1801 1005 1896 ejus
1018 1801 1139 1873 locum
1154 1801 1212 1872 Μ.
1222 1801 1357 1873 Corne-

375 1918 444 1992 lius
474 1916 661 1992 subfectus.
723 1924 825 2019 ane
852 1945 905 1994 res
930 1919 1048 2016 postea
1078 1917 1242 2018 religioni
1267 1915 1337 1990 fuit
1344 1950 1358 2004 3

375 2038 461 2136 quia
476 2065 519 2112 eo
540 2037 647 2112 lustro
665 2040 785 2113 Roma
800 2038 849 2112 est
866 2060 977 2135 capta.
1026 2041 1106 2112 Nec
1130 2037 1262 2113 deinde
1276 2063 1357 2110 um-

376 2183 485 2256 quam
501 2157 728 2234 indemortui
746 2161 867 2236 locum
881 2157 1001 2234 censor
1016 2158 1210 2234 subiicitur.
1259 2159 1357 2231 Con·

377 2277 579 2375 sulibusque
606 2282 733 2352 morbo
756 2277 924 2376 inplicitis
939 2278 1086 2376 placuit,
1113 2305 1174 2378 per
1190 2277 1357 2375 interreg-

378 2424 465 2472 num
482 2397 638 2470 renovari
653 2396 815 2496 auspicia.
865 2401 1002 2496 Itaque,
1019 2425 1135 2498 quum
1151 2425 1196 2473 ex
1208 2395 1359 2472 senatus·

297 2549 299 2556 ⁴
377 2515 537 2591 consulto
548 2517 911 2617 consulesmagilhntu
923 2519 956 2593 se
966 2519 1191 2607 abdicalsent,
1206 2519 1358 2592 interrex

242 2685 245 2693 .
377 2659 512 2713 creatur
539 2639 596 2710 M.
625 2638 753 2711 Furius
778 2637 968 2725 Camillus;
999 2639 1063 2737 qui
1088 2641 1127 2712 P.
1150 2636 1359 2712 Cornelium
1465 2675 1476 2688 ·

376 2759 593 2857 Scipionem,
618 2757 647 2832 is
664 2757 795 2831 deinde
811 2761 859 2832 L.
877 2759 1058 2832 Valerium
1074 2758 1235 2833 Potitum
1251 2757 1358 2830 intet-

376 2906 495 2978 regem
509 2877 678 2978 prodidit.
729 2882 790 2954 Ab
807 2905 850 2952 eo
863 2878 967 2952 creati
981 2877 1040 2952 sex
1053 2879 1186 2953 tribuni
1200 2876 1358 2951 militum

377 2999 547 3074 consulari
561 2999 727 3097 potestate
737 3032 748 3086 3
775 3022 830 3086 ut,
856 2997 987 3072 etiamsi
1004 2998 1063 3073 cui
1080 3024 1203 3072 eorum
1220 2997 1358 3072 incom-

377 3121 659 3200 moda‚valetudo
670 3117 799 3206 fuiffet,
817 3117 920 3216 copia
933 3117 1200 3218 magistratuum
1214 3116 1358 3216 reipub-

376 3239 463 3314 licae
481 3242 573 3314 esset.

427 3361 586 3432 XXXII.
627 3359 795 3432 Kalendis
833 3357 1079 3459 Qrinclilibus
1117 3357 1360 3456 magistratum

377 3503 543 3576 occepere
561 3480 607 3552 L.
625 3477 829 3567 Lucretius,
849 3481 920 3552 Ser.
943 3477 1135 3576 Sulpicius,
1159 3481 1217 3553 M.
1235 3478 1360 3554 Aemi-

376 3597 458 3685 lius,
489 3600 536 3672 L.
560 3597 690 3671 Furius
720 3597 946 3675 Medullinus
969 3597 1173 3696 septimum,
1201 3597 1362 3698 Agrippa

376 3717 518 3806 Furius,
534 3719 576 3792 C.
596 3716 775 3792 Aemilius
788 3716 928 3792 iterum.
981 3722 1038 3792 Ex
1052 3717 1107 3792 his
1121 3721 1168 3792 L.
1185 3717 1359 3794 Lucretio

377 3843 411 3912 δι
436 3840 478 3912 C.
504 3837 662 3912 Aemilio
684 3837 903 3912 Volsiniensis
925 3837 1107 3935 provincia
1127 3839 1261 3912 evenit:
1288 3841 1361 3912 Sal·

377 3957 511 4056 pinates
529 3957 710 4058 Agrippae
742 3957 852 4033 Furio
882 3963 915 4031 ὅτ
945 3961 1015 4034 Ser.
1038 3957 1209 4056 Sulpicio.
1259 3957 1361 4032 Prius

379 4104 464 4154 cum
476 4078 745 4160 Volfinienfibus
755 4101 956 4180 pugnatum
973 4079 1043 4153 est:
1063 4081 1198 4155 bellum
1210 4103 1361 4166 numero
