3067 5342
414 699 486 789 246
753 697 1067 772 T.Ltv11

414 903 515 958 etant
541 908 604 980 per
639 883 854 982 Campaniae
890 889 1007 974 urbes,
1045 897 1380 984 manaverantque'a

414 1002 683 1100 Capuaconstlia
693 1003 730 1076 in
741 1005 938 1080 exercitum
949 1031 1105 1080 omnem.
1125 1009 1379 1080 Eolaxanrento

414 1119 689 1219 cogitationibus
704 1125 802 1210 dato,
820 1123 957 1223 quievit
971 1124 1007 1199 in
1025 1123 1217 1222 praesentia
1231 1124 1359 1200 seditio.

463 1239 642 1315 XXXIX.
692 1240 839 1329 Consul,
871 1243 1001 1318 educto
1034 1243 1073 1318 in
1105 1244 1235 1320 aestiva
1266 1243 1380 1329 milite,

414 1361 505 1434 dum
531 1359 671 1458 quietos
696 1361 869 1436 Samnites
895 1365 1060 1450 babebat,
1086 1361 1285 1440 exercitum
1309 1387 1379 1458 put·

414 1506 495 1580 gare
521 1479 741 1554 misfionibus
767 1483 1051 1556 turbulentorum
1079 1481 1271 1558 hominurn
1296 1481 1380 1556 insti·

414 1599 498 1686 tuit,
527 1599 603 1674 aliis
631 1599 776 1674 emerita
804 1599 960 1675 dicendo
990 1599 1162 1698 stipendia
1192 1603 1274 1688 effe,
1306 1599 1380 1696 alios

413 1745 534 1816 graves
558 1721 634 1815 jam
666 1740 791 1808 aetate,
825 1741 886 1792 aut
917 1717 1051 1794 vitibus
1083 1746 1212 1816 parurn
1247 1720 1378 1794 validos.

412 1838 573 1938 Qtidatn
598 1839 636 1913 in
661 1861 879 1913 commeatus
904 1837 1150 1927 mittebantur,
1177 1837 1301 1938 singuli
1318 1836 1378 1934 pti·

411 1983 486 2046 mo,
513 1957 643 2032 deinde
669 1963 703 2032 δι
734 1960 895 2032 cohortes
922 1959 1115 2056 quaedam,
1151 1959 1239 2056 quia
1269 1957 1378 2053 procul

411 2079 456 2152 ab
473 2079 583 2151 dorno
599 2104 640 2151 ac
656 2080 759 2151 rebus
776 2075 846 2150 suis
862 2076 1108 2152 hibernaffent.
1159 2081 1227 2151 Per
1242 2075 1377 2175 speciem

412 2195 518 2269 etiam
541 2195 747 2270 militarium
775 2194 917 2283 usuum,
943 2221 1073 2293 quum,
1098 2193 1159 2269 atii
1181 2195 1252 2273 alio
1273 2195 1378 2270 mitre·

412 2335 546 2400 rentur,
571 2341 700 2412 magna
723 2340 800 2411 pars
826 2314 989 2413 ablegati.
1038 2319 1161 2414 Qtatn
1187 2313 1378 2392 multitudi-

412 2459 496 2506 nem
526 2430 648 2517 consul
681 2434 767 2506 alter
801 2435 940 2507 Romae
968 2455 1196 2530 praetorque,
1234 2435 1313 2510 alias
1342 2459 1380 2508 et

411 2551 488 2626 aliis
512 2553 682 2650 fingendo
705 2577 833 2640 moras,
858 2552 1040 2629 retinebat.
1092 2555 1142 2627 Et
1166 2551 1286 2652 ptimo
1309 2551 1378 2649 qui·

412 2672 509 2759 deur,
536 2670 647 2770 ignari
671 2671 935 2758 ludificationis,
960 2671 1109 2747 minime
1131 2673 1244 2751 inviti
1266 2674 1377 2748 domos

411 2789 613 2864 revisebant.
678 2791 870 2890 Postquam
908 2817 1025 2889 neque
1061 2793 1188 2868 reverti
1219 2795 1264 2870 ad
1295 2796 1377 2890 signa

411 2909 557 3006 primos,
582 2936 648 2983 nec
670 2909 779 2984 ferme
801 2911 927 2999 alium,
951 2936 1060 3008 quant
1085 2912 1213 3009 quiin
1240 2915 1377 3006 Campa·

412 3029 471 3102 nia
494 3028 744 3116 hibernassent,
770 3029 1030 3128 praecipueque
1059 3029 1180 3105 exiis
1212 3027 1377 3118 [editionis

410 3151 568 3222 austores
591 3148 686 3223 mitti
711 3149 894 3236 viderunt3
921 3147 1079 3246 primum
1102 3149 1376 3239 admiratiqu-

410 3268 494 3342 inde
510 3268 608 3342 haud
630 3267 763 3356 dubius
786 3266 892 3342 timor
914 3265 1395 3360 inceffit.animos,.confilitt'

409 3387 469 3462 sua
501 3389 693 3461 emanaffe:
731 3396 758 3430 “
779 3387 854 3482 jam
881 3387 1113 3485 quaestiones,
1140 3389 1218 3484 jam
1243 3387 1378 3471 indicia,

411 3507 523 3600 “jam
538 3507 679 3580 occulta
699 3508 916 3604 singulorum
941 3505 1127 3603 supplicia,
1154 3507 1378 3608 inpotensque

410 3635 435 3710 ‘.‘
453 3625 649 3698 &erudele
675 3624 861 3699 consulum
883 3651 924 3700 ac
950 3627 1097 3700 Patrutn
1122 3627 1212 3704 inse
1236 3649 1377 3728 regnum

409 3755 435 3795 “
451 3746 637 3843 paffuros.'’
700 3745 818 3830 Haec,
859 3743 923 3842 qui
958 3743 997 3817 in
1028 3745 1145 3826 castris
1177 3771 1305 3839 erant,
1323 3767 1376 3824 oc·

408 3863 513 3940 cultis
544 3861 761 3936 sermonibus
797 3861 926 3950 serunt,
967 3889 1092 3939 nervos
1136 3861 1376 3964 conjurationis

406 3985 534 4081 ejedbos
571 4003 643 4056 arte
680 3980 831 4056 consulis
869 4004 1062 4058 cernentes.
1127 3987 1263 4064 Cohors
1298 4007 1374 4067 utta,

407 4129 522 4204 quum
537 4103 635 4177 haud
646 4103 776 4201 ¹procul
792 4107 941 4178 Anxure
958 4103 1053 4193 effer,
1069 4107 1115 4180 ad
1130 4109 1303 4202 Lautulas
1315 4103 1370 4178 sal-
