3067 5342
467 662 696 738 Ltststt
749 663 848 736 VIII.
1099 666 1168 763 265

193 835 378 914 conversus
394 837 439 911 ad
451 837 672 910 simulacrum
686 833 799 931 Jovis,
829 843 856 878 “
874 834 989 922 Audi,
1016 836 1168 933 Jupiter,

192 969 218 1003 “
237 961 324 1033 haec
362 954 522 1044 scelera,’'
560 955 691 1054 inquit,
728 964 753 998 ‘⁶
777 953 911 1044 audite,
941 956 1001 1052 jus
1037 954 1168 1055 fasque.

191 1075 440 1178 “Peregrinos
462 1073 619 1151 consules
642 1081 676 1149 δι
705 1075 931 1175 peregrinum
955 1074 1112 1151 senatum
1129 1077 1168 1151 in

191 1209 217 1242 “
235 1217 312 1286 tuo,
344 1197 497 1295 Jupiter,
534 1217 704 1295 augurato
733 1197 880 1293 templo,
909 1216 1032 1294 captus
1061 1221 1169 1296 atque

191 1317 307 1416 “ipse
334 1319 525 1417 obpreffus‚
557 1315 692 1391 visums
718 1319 781 1390 es?
817 1313 1001 1390 Haeccine
1029 1316 1170 1394 foedera

194 1441 369 1512 “Tullus
398 1440 585 1512 Romanus
608 1462 670 1510 rex
696 1461 782 1511 curn
811 1435 974 1525 Albanis,
1012 1438 1171 1535 patribus

191 1569 218 1602 “
235 1555 368 1644 vestris,
395 1556 530 1644 Latini,
562 1559 647 1644 haec
670 1560 716 1630 L.
739 1556 960 1656 Tarquinius
985 1557 1169 1633 vobiscum

191 1689 218 1724 “
235 1678 353 1776 postea
369 1675 475 1752 fecit?
508 1680 595 1751 Non
607 1676 704 1752 venit
719 1676 756 1751 in
771 1698 927 1752 mentem
940 1703 1061 1778 pugna
1072 1683 1170 1779 apud

190 1797 422 1898 “Regillum
452 1799 587 1872 lacum?
622 1799 778 1886 adeo&
811 1797 969 1873 cladium
1001 1820 1163 1876 veterum

191 1927 217 1960 “
235 1919 425 1992 vestratum
453 1921 487 1992 ὅτ
514 1917 767 1992 beneficiorum
790 1917 987 1993 nostrorum
1010 1944 1092 2018 erga
1107 1947 1170 1998 vos

193 2048 220 2081 “
238 2037 341 2112 obliti
358 2037 437 2111 estis
450 2041 487 2111 ?'’

240 2159 304 2231 VI.
329 2163 456 2257 Qrum
484 2155 634 2230 consulis
664 2183 791 2232 vocem
817 2155 999 2232 subsecuta
1024 2161 1170 2237 Pamtm

193 2276 393 2376 indignatio
432 2279 526 2364 effet,
563 2276 725 2375 proditur
762 2277 964 2366 memoriae,
1009 2280 1171 2355 adversus

191 2401 348 2473 crebram
366 2395 634 2495 inplorationem
653 2399 787 2484 Delam,
812 2423 902 2496 quos
925 2398 1026 2472 testes
1049 2397 1169 2475 foede-

191 2543 272 2592 rum
298 2515 432 2614 saepius
460 2516 670 2591 invocabant
696 2516 867 2606 consules,
895 2544 1021 2592 vocem
1041 2521 1169 2608 Annii,

192 2636 383 2735 spernentis
396 2637 544 2712 numina
553 2637 652 2733 Jovis
663 2637 833 2724 Romani,
846 2637 1016 2711 auditam.
1051 2641 1168 2726 Certe,

193 2783 308 2858 quum
325 2779 525 2832 commotus
548 2755 598 2830 ira
616 2755 649 2829 se
664 2761 709 2830 ab
725 2755 898 2831 vestibulo
917 2756 1040 2853 templi
1061 2757 1168 2831 citato

192 2879 304 2977 gradu
322 2875 527 2976 proriperet,
550 2875 664 2975 lapsus
680 2903 743 2975 per
759 2878 900 2976 gradus,
922 2874 1036 2972 capite
1054 2879 1167 2976 gravi·

191 3019 245 3072 ter
260 2996 419 3085 obfenso,
446 2997 606 3094 inpastus
622 2995 696 3070 imo
720 2995 768 3069 ita
790 2996 840 3070 est
855 2994 950 3083 saxo,
975 3017 1016 3069 ut
1042 2995 1168 3096 sopire-

192 3137 259 3191 tur.
310 3115 563 3192 Exanimatum
586 3119 742 3190 auetores
759 3119 930 3214 quoniam
951 3142 1024 3189 non
1046 3142 1169 3192 omnes

193 3235 286 3325 sunt,
315 3237 402 3310 mihi
428 3261 574 3335 quoque
598 3235 635 3310 in
658 3236 791 3312 incerto
812 3235 974 3311 relietum
996 3240 1051 3310 srt:
1083 3241 1170 3313 srcut

193 3356 284 3431 inter
300 3356 484 3432 foederum
502 3379 686 3456 ruptorum
709 3355 926 3430 testationem
946 3355 1081 3456 ingenti
1103 3358 1169 3433 fra·

192 3503 276 3576 gore
300 3477 389 3551 coeli
412 3479 601 3576 procellam
623 3476 778 3550 effusam.
827 3479 924 3550 Nam
941 3481 975 3550 dr
991 3503 1073 3551 vera
1088 3481 1167 3567 effe,

191 3601 225 3671 δι
264 3619 343 3697 apte
382 3599 427 3672 ad
459 3596 780 3697 repraesentandam
814 3595 902 3670 iram
932 3599 1053 3672 Delam
1088 3601 1170 3673 ficta

190 3719 344 3815 poffunt.
394 3721 610 3818 Torquatus,
639 3717 759 3791 miffus
780 3721 825 3790 ab
847 3715 964 3790 senatu
984 3718 1029 3789 ad
1046 3716 1168 3791 dimit·

191 3838 317 3911 tendos
336 3839 481 3938 legatos,
508 3863 623 3936 quum
641 3839 818 3934 jacentem
835 3835 999 3910 Annium
1016 3835 1168 3925 vidiffet,

191 3961 376 4046 exclamat,
407 3958 455 4032 ita
483 3979 524 4032 ut
550 3961 685 4057 populo
708 3955 939 4055 Patribusque
961 3954 1083 4030 audita
1097 3983 1169 4032 vox
1234 4012 1237 4018 ,

191 4077 317 4176 pariter
330 4083 382 4168 stt,
412 4089 438 4125 “
457 4083 550 4154 Bene
570 4082 686 4154 habet.
738 4077 802 4153 Dii
816 4076 920 4177 pium
936 4102 1076 4153 movere
1095 4081 1168 4154 bel·
