3067 5342
379 695 453 792 380
709 693 1023 768 T.L1rrr

379 869 406 904 ‘⁶
423 857 611 947 Romanis,
642 885 687 935 ne
711 861 878 934 arcessant
901 861 1058 945 bellum;
1095 861 1131 932 lc
1164 852 1353 932 obstinatos

380 987 406 1022 ‘³
422 979 597 1066 claudere,
621 977 1083 1055 srexetcitusadmoveatut.
1133 979 1177 1052 ln
1202 1001 1243 1050 ea
1264 977 1352 1050 flue-

378 1107 405 1144 “
424 1095 582 1173 ulatione
613 1097 813 1172 animorum
851 1097 1007 1196 obprimi
1040 1095 1200 1172 incautos
1225 1096 1355 1194 poffe.”

378 1216 452 1292 His
479 1215 683 1292 sudoribus
710 1239 808 1292 mota
837 1218 982 1317 propius
1017 1217 1140 1292 castra:
1191 1215 1351 1314 miliique

375 1339 505 1412 eodem
528 1359 686 1436 tempore
709 1336 801 1412 circa
822 1337 887 1412 tria
910 1337 1044 1435 oppida
1059 1335 1201 1424 milites,
1223 1334 1352 1434 partim

374 1457 512 1546 armati,
540 1455 605 1556 qui
630 1455 762 1532 occulti
792 1457 991 1556 propinqua
1012 1455 1200 1532 moenibus
1225 1455 1350 1528 infide-

374 1599 452 1652 rent
468 1580 571 1664 loca3
598 1576 727 1675 partim
741 1575 865 1678 togati,
892 1576 991 1652 testis
1009 1577 1103 1652 veste
1119 1574 1259 1676 gladiis,
1284 1573 1350 1673 qui

373 1695 440 1772 sub
455 1699 576 1771 lucem
591 1695 717 1794 apertis
726 1695 835 1796 portis
845 1699 949 1772 urbes
962 1696 1238 1797 ingrederentur.
1287 1698 1350 1770 Ab

284 1909 289 1920 .
374 1814 430 1890 his
445 1817 547 1890 srmul
572 1816 735 1892 custodes
751 1816 918 1907 trucidari
935 1816 1067 1916 coepti,
1099 1819 1199 1890 simul
1224 1815 1349 1890 datum

374 1937 513 2034 lignum
528 1935 682 2025 armatis,
716 1957 757 2010 ut
779 1961 823 2011 ex
843 1934 974 2011 insidiis
990 1955 1247 2012 concurrerent.
1295 1937 1349 2008 Ita

373 2077 494 2154 portae
523 2077 729 2154 occupatae,
768 2055 905 2155 triaque
943 2055 1075 2155 oppida
1106 2056 1231 2130 eadem
1263 2055 1348 2128 bora

373 2176 573 2274 eodemque
595 2174 739 2250 confilio
762 2197 875 2272 capta
924 2176 1008 2262 Sed,
1038 2173 1124 2273 quia
1145 2171 1346 2248 absentibus

373 2294 533 2371 ducibus.
545 2293 685 2394 inpetus
701 2295 751 2368 est
777 2293 902 2382 fastus,
934 2294 1052 2368 nullus
1078 2293 1208 2368 modus
1232 2292 1347 2368 caedi-

373 2417 441 2488 bus
465 2413 557 2502 fuit3
588 2415 774 2512 deletaque
809 2413 998 2488 Ausonum
1027 2439 1127 2512 gens,
1159 2410 1221 2486 vix
1249 2436 1345 2488 certo

373 2531 582 2608 desedionis
598 2529 760 2622 crimine,
776 2533 922 2632 perinde
938 2559 978 2610 ac
989 2535 1012 2608 fi
1025 2531 1241 2608 intemeciro
1251 2535 1346 2609 bello

372 2655 537 2730 certasset.
645 2719 650 2728 .

422 2775 561 2848 XXVI.
588 2775 729 2850 Eodem
745 2799 851 2862 anno,
877 2772 1019 2872 prodito
1037 2771 1195 2847 hostibus
1211 2775 1344 2848 Rorna-

372 2919 421 2968 uo
436 2892 616 2990 praefidio,
642 2892 798 2968 Luceria
810 2891 1023 2967 Samnitium
1034 2891 1135 2968 fasta.
1183 2895 1263 2968 Nec
1278 2893 1343 2968 diu

371 3011 611 3111 proditoribus
621 3013 785 3110 inpunita
798 3039 850 3087 res
865 3011 944 3087 fuit.
993 3014 1108 3087 Haud
1122 3015 1247 3111 procul
1260 3013 1344 3088 inde

372 3130 547 3206 exercitus
579 3133 767 3208 Romanus
798 3153 889 3206 erate
928 3131 1028 3228 cujus
1055 3131 1173 3230 primo
1206 3133 1342 3233 impetu

370 3254 468 3337 urbs,
485 3254 546 3325 fita
561 3249 599 3324 in
614 3253 735 3350 plano,
758 3251 906 3349 capitur.
932 3252 1102 3327 Lucerini
1118 3279 1159 3328 ac
1171 3253 1343 3328 Samnites

370 3371 417 3449 ad
439 3368 715 3446 internecionem
732 3373 827 3446 caefi.
878 3375 1005 3470 quue
1028 3372 1078 3446 ira
1104 3377 1276 3470 procedit,
1300 3394 1343 3449 ut

370 3491 509 3569 Rornae
521 3515 681 3589 quoque,
695 3515 811 3590 quum
822 3492 869 3565 de
882 3491 1017 3568 colonis
1031 3490 1213 3567 mittendis
1223 3493 1341 3567 Luce·

336 3607 458 3684 -riaru
483 3607 721 3686 consuleretur
749 3607 899 3700 senatus,
938 3611 1044 3688 multi
1074 3613 1260 3686 delendam
1283 3636 1340 3686 ur·

371 3731 453 3804 bem
486 3725 676 3806 censerent
726 3732 865 3804 Praeter
894 3731 1034 3820 odium,
1061 3733 1160 3830 quod
1190 3730 1340 3807 exsecra-

368 3849 440 3924 bile
456 3847 495 3922 in
521 3847 575 3924 bis
598 3868 719 3946 captos
747 3869 833 3937 erat,
859 3849 1101 3950 longinquitas
1117 3877 1262 3952 quoque
1279 3854 1339 3925 ab·

367 3969 504 4043 horrere
528 3995 550 4042 a
571 3967 765 4068 relegandis
782 3989 854 4043 tam
870 3973 994 4068 procul
1009 3974 1054 4046 ab
1074 3972 1184 4047 domo
1201 3970 1339 4047 civibus

368 4087 459 4175 inter
484 4109 556 4172 tam
586 4087 725 4165 infestas
754 4111 876 4190 gentes
896 4093 1056 4192 cogebat.
1107 4091 1205 4170 Vicit
1220 4113 1339 4168 taurea
