3067 5342
431 671 844 803 ‘LrnrnVL
1096 750 1160 825 157

240 906 399 979 XXXV.
443 909 589 981 Oceano
619 906 808 981 videbatur
836 930 954 979 retum
989 907 1165 979 novanda-

178 1050 265 1097 rum
289 1047 432 1124 propter
462 1024 644 1125 ingentem
677 1026 752 1100 vim
786 1026 873 1101 aeris
900 1023 1028 1112 alieni3
1064 1025 1165 1121 cujus

178 1145 344 1218 levamen
360 1144 443 1219 mali
466 1148 599 1243 plebes,
627 1145 689 1220 nifi
705 1144 775 1220 suis
791 1145 828 1218 in
852 1143 990 1219 summo
1015 1142 1165 1243 imperio

179 1264 322 1352 locatis,
348 1267 488 1339 nullum
513 1263 671 1364 speraret.
722 1265 1007 1364 Adcingendum
1022 1268 1066 1338 ad
1087 1292 1165 1339 eam

179 1384 438 1483 cogitationem
465 1388 543 1460 effe.
592 1387 768 1459 Conando
784 1387 997 1485 agendoque
1021 1386 1097 1480 jam
1121 1412 1164 1459 eo

181 1508 336 1607 gradum
354 1505 469 1580 feciffe
486 1506 654 1603 plebejos‚
684 1506 796 1593 unde,
831 1508 853 1578 fi
877 1531 982 1603 porro
1003 1504 1165 1579 adnitan-

182 1648 256 1714 tur,
288 1624 470 1723 pervenire
495 1628 542 1699 ad
570 1623 719 1714 summa,
750 1630 785 1699 δι
820 1624 984 1700 Patribus
1008 1624 1164 1723 aequari,

182 1768 257 1818 tam
278 1748 426 1833 honore,
454 1772 563 1844 quam
575 1744 718 1834 virtute,
752 1748 898 1843 possent.
949 1746 992 1820 In
1008 1743 1166 1844 praesen·

182 1865 233 1939 tia
249 1865 412 1943 tribunos
426 1866 538 1964 plebis
555 1866 631 1939 fieri
645 1866 791 1965 placuit,
817 1892 891 1965 quo
909 1866 946 1942 in
962 1864 1166 1965 magistratu

182 1985 323 2061 sibimet
348 1986 410 2085 ipsr
439 1985 534 2060 viam
558 1988 604 2060 ad
637 2008 769 2062 ceteros
802 1990 952 2061 honores
981 1986 1166 2085 aperirent.

182 2106 376 2205 Creatique
400 2105 536 2181 tribuni
560 2110 602 2182 C.
620 2106 785 2181 Licinius
810 2113 844 2181 bc
863 2110 908 2182 L.
926 2106 1067 2181 Sextius
1083 2133 1163 2207 pro-

184 2229 389 2327 mulgavere
422 2229 518 2327 leges
547 2253 670 2301 omnes
703 2225 865 2302 adversus
894 2254 978 2325 opes
1004 2226 1167 2326 patricio-

183 2374 280 2436 tum,
305 2352 339 2420 &
356 2373 420 2445 pro
433 2346 634 2421 commodis
650 2347 780 2444 plebis:
807 2374 916 2420 unam
932 2349 976 2420 de
992 2373 1069 2421 aere
1084 2348 1166 2422 alie·

186 2495 247 2555 no,
277 2488 332 2555 ut,
361 2468 519 2541 dedutto
546 2494 589 2541 eo
615 2468 661 2541 de
683 2466 810 2565 capite,
838 2468 939 2565 quod
956 2466 1068 2541 usuris
1092 2490 1167 2569 perss

187 2608 415 2661 numeratum
441 2588 536 2675 effer,
570 2584 623 2674 id,
653 2589 753 2682 quod
782 2584 978 2684 supereffet,
1016 2586 1169 2662 triennio

187 2706 310 2805 aequis
326 2706 552 2804 portionibus
567 2704 833 2804 persolveretur:
868 2707 1011 2780 alteram
1029 2708 1074 2780 de
1092 2736 1168 2783 mo-

187 2829 236 2900 do
255 2853 435 2926 agrorum,
462 2826 607 2925 nequis
634 2828 714 2926 plus
735 2824 934 2925 quingenta
950 2828 1076 2925 jugera
1094 2826 1169 2925 agri

188 2950 391 3046 poffideret:
423 2946 574 3034 tertiam,
603 2974 647 3021 ne
671 2944 898 3020 tribunorum
921 2944 1079 3023 militum
1109 2973 1169 3021 co-

189 3068 289 3143 mitia
304 3070 441 3155 fierent,
476 3066 736 3163 consulumque
752 3064 880 3163 utique
898 3066 983 3138 alter
1003 3094 1046 3142 ex
1064 3070 1168 3165 plebe

188 3209 371 3262 crearetur.
421 3190 561 3262 Cunna
590 3185 759 3285 ingentia,
789 3191 823 3259 δι
848 3212 938 3284 quae
965 3190 1034 3261 fine
1061 3211 1168 3263 terta-

188 3306 284 3382 mine
314 3308 473 3381 maximo
503 3306 654 3381 obtineri
685 3332 759 3379 non
794 3308 940 3403 pollent.
991 3308 1168 3383 Omnium

190 3427 298 3526 igitur
314 3428 415 3501 fimul
435 3453 566 3516 rerum,
594 3452 746 3523 quarum
764 3425 948 3500 inmodica
965 3427 1099 3526 cupido
1115 3428 1169 3502 in-

190 3570 240 3622 ter
265 3550 430 3623 mortales
460 3548 522 3636 est,
552 3546 638 3647 agri,
663 3544 850 3643 pecuniae,
875 3547 1066 3638 honorum,
1101 3549 1169 3624 dis-

189 3668 336 3743 crimine
362 3672 552 3766 propofito,
586 3664 766 3741 conterriti
795 3670 926 3753 Patres,
957 3691 1072 3764 quum
1103 3690 1169 3743 tte-

189 3789 373 3886 pidaffent‚
399 3786 554 3886 publicis
582 3785 794 3885 privatisque
823 3784 972 3860 confiliis
990 3788 1089 3861 nullo
1115 3814 1168 3864 re·

191 3910 310 3983 medio
339 3909 422 3997 alio,
454 3928 590 4007 praeter
619 3930 801 4006 expertam
835 3905 958 3980 multis
981 3907 1058 4002 jam
1090 3932 1170 3986 ante

194 4028 446 4103 certaminibus
485 4028 776 4117 intercessionem,
821 4026 980 4115 invent0‚
1022 4030 1172 4127 collegas

190 4149 351 4227 adversus
391 4145 598 4224 tribunicias
634 4149 833 4249 rogationes
868 4170 1172 4247 comparaverunt.
