3067 5342
477 666 827 787 [srarnlll.

175 862 334 925 cernens,
364 863 482 936 quum
498 839 661 916 adsuunt
679 867 792 917 cornu
808 842 968 916 tenderet
980 866 1065 916 cum
1078 839 1159 914 mil·

175 959 208 1032 le
225 956 391 1033 ducentis
400 957 497 1050 viris,
527 960 727 1036 diffimilem
739 961 793 1036 ibi
810 961 988 1036 fortunam
1005 961 1158 1036 invenit:

176 1083 361 1154 Romanos
382 1081 464 1155 loco
493 1079 624 1179 pulsos,
649 1081 821 1156 victorem
849 1081 985 1155 hostem
1006 1085 1100 1180 ligna
1122 1081 1159 1155 in

176 1197 352 1299 perculsos
384 1198 606 1276 inferentem.
656 1203 824 1276 Ceterum
859 1201 981 1275 omnia
1009 1203 1162 1277 mutavit

175 1340 319 1418 repente
349 1318 502 1395 consulis
532 1323 716 1396 adventus.
780 1323 879 1395 Nam
910 1321 1157 1421 &conspectu

175 1438 280 1515 ducis
308 1438 458 1516 refectus
486 1440 646 1518 militum
675 1441 726 1518 est
754 1441 918 1516 animus:
956 1445 1005 1531 lle,
1049 1444 1160 1540 majus

176 1544 286 1659 quarn
315 1587 380 1661 pro
406 1587 559 1638 numero
589 1561 781 1654 auxilium,
816 1566 1029 1639 advenerant
1054 1561 1160 1638 fortes

173 1677 256 1755 viri:
284 1686 319 1756 ac
346 1682 452 1781 partis
477 1683 618 1758 alterius
644 1683 791 1759 victoria
809 1685 944 1775 audita,
976 1711 1064 1760 mox
1088 1684 1160 1760 visa

175 1802 296 1892 etiam,
322 1803 499 1901 proelium
516 1803 678 1880 restituit.
727 1808 823 1880 Tota
839 1804 970 1881 deinde
990 1806 1065 1902 jam
1082 1807 1159 1880 vin-

176 1949 254 1998 cere
276 1923 351 2000 acie
369 1926 571 2012 Romanus,
606 1929 654 2013 δι,
688 1925 813 2000 omiffo
830 1925 1033 2014 certamine,
1059 1926 1161 2002 caedi

174 2043 326 2142 capique
359 2043 555 2132 Samnites3
602 2043 666 2118 nist
699 2045 762 2143 qui
793 2047 1056 2134 Malaventum,
1098 2047 1157 2120 cui

175 2189 274 2239 nunc
296 2163 378 2240 urbi
409 2167 653 2239 Beneventum
670 2190 802 2239 nomen
826 2165 889 2253 est,
915 2165 1159 2264 perfugerunr.

175 2287 239 2360 Ad
268 2283 405 2384 uiginti
436 2283 551 2359 millia
581 2284 677 2360 caesa
709 2308 771 2360 aut
800 2309 901 2385 capta
929 2285 1158 2377 Samnitium,

176 2405 362 2504 proditum
378 2404 569 2479 memoriae
587 2405 647 2480 est.

223 2526 400 2600 XXVIII.
423 2525 607 2614 Consules,
634 2525 776 2626 egregia
790 2525 938 2600 vicloria
953 2550 1064 2626 parta,
1080 2555 1160 2627 pro-

173 2648 270 2722 tinus
293 2646 377 2722 inde
400 2648 447 2721 ad
469 2646 668 2722 Bovianum
697 2648 982 2746 obpugnandum
1005 2647 1162 2748 legiones

176 2770 337 2844 ducunt:
372 2765 497 2866 ibique
513 2767 662 2843 hiberna
687 2788 850 2865 egerunt,
884 2767 999 2840 donec
1026 2769 1071 2843 ab
1096 2795 1160 2842 noa

173 2888 227 2962 vis
251 2887 456 2964 consulibus
481 2891 529 2963 L.
556 2887 698 2985 Papirio
726 2885 875 2961 Cursore
906 2887 1090 2986 quintum,
1117 2892 1160 2964 C.

176 3009 288 3105 Junio
322 3010 486 3084 Bubulco
512 3006 655 3096 iterum,
698 3007 902 3082 nominatus
935 3007 1085 3083 dictator
1117 3013 1160 3085 C.

176 3129 356 3205 Poetelius
373 3156 459 3205 cum
483 3131 542 3204 M.
560 3129 678 3203 Fossio
696 3127 862 3227 magistro
879 3127 1045 3226 equitum
1063 3155 1160 3204 exer-

177 3251 292 3329 citum
306 3249 455 3350 accepit.
504 3253 552 3339 Is,
579 3275 696 3349 quum
713 3249 863 3325 audiffet
885 3275 1001 3323 arcem
1020 3251 1161 3349 Fregel·

174 3373 292 3446 lanam
308 3374 353 3446 ab
370 3369 589 3446 Samnitibus
605 3391 758 3469 captam,
784 3369 910 3444 omiffo
932 3367 1091 3444 Boviano
1114 3372 1162 3444 ad

176 3493 351 3590 Fregellas
367 3491 494 3591 pergit.
543 3493 669 3578 Unde,
691 3491 866 3564 nocturna
879 3488 1094 3564 Samnitium
1104 3489 1160 3564 fu-

176 3637 223 3711 ga
244 3614 313 3686 fine
335 3611 527 3686 certamine
546 3609 692 3709 receptis
710 3609 891 3710 Fregellis,
918 3607 1161 3707 praesrdioque

175 3729 295 3806 valido
321 3730 483 3830 inpofito‚
514 3730 552 3806 in
572 3731 805 3830 Campaniam
825 3729 980 3806 reditum
1003 3729 1160 3804 maxime

177 3853 223 3925 ad
239 3855 375 3927 Nolam
396 3851 502 3927 armis
524 3854 763 3950 repetendam.
815 3855 871 3926 Eo
895 3850 927 3925 se
953 3849 1044 3924 intra
1063 3877 1160 3925 moe-

133 4057 140 4068 ,
176 3971 249 4062 nia,
275 3974 340 4050 sub
363 3977 557 4049 adventum
580 3971 774 4061 dictatoris,
800 3977 834 4046 δι
851 3971 1065 4046 Samnitium
1083 3998 1160 4047 om·

176 4095 232 4171 nis
264 4094 463 4171 multitudo
505 4100 539 4169 &
578 4093 711 4169 Nolani
746 4093 893 4194 agrestes
927 4095 1159 4169 contulerant.

655 4217 724 4289 Cc
