3067 5342
489 678 720 751 Ltsan
773 678 836 751 VI.
1087 700 1149 749 101

167 852 341 952 persederi
369 854 524 949 juffum:
573 851 671 942 inde,
709 874 751 927 ut
781 851 948 951 postridie
978 853 1154 925 Kalendas

127 967 132 977 ’
167 1000 317 1072 quoque
340 999 380 1047 ac
398 978 522 1047 Nonas
539 975 664 1047 eadem
682 971 807 1073 religio
832 975 926 1061 effer,
968 972 1152 1061 traditum,

168 1116 307 1193 putant.

220 1216 267 1288 ll.
291 1216 370 1288 Nec
386 1212 450 1287 diu
468 1213 572 1289 licuit
594 1212 725 1311 quietis
742 1213 884 1289 consilia
900 1212 1086 1313 erigendae
1107 1240 1152 1287 ex

170 1356 243 1408 tam
261 1333 359 1433 gravi
383 1333 462 1408 casu
488 1334 703 1434 reipublicae
720 1333 841 1408 secum
859 1334 999 1433 agitate.
1050 1334 1152 1409 Hinc

171 1453 306 1541 Volsci,
333 1477 465 1529 veteres
482 1455 610 1543 hostes,
638 1458 686 1529 ad
702 1455 1003 1553 exstinguendum
1021 1480 1152 1529 nomen

169 1576 383 1649 Romanum
400 1602 497 1649 arma
519 1598 696 1675 ceperant,
730 1576 815 1649 hinc
834 1575 994 1649 Etruriae
1023 1575 1153 1674 princi-

170 1721 321 1794 pumex
339 1695 508 1769 omnibus
526 1696 667 1794 populis
684 1694 963 1793 conjurationem
983 1698 1028 1769 de
1041 1699 1152 1786 bello,

171 1816 217 1890 ad
234 1815 360 1889 fanum
378 1818 592 1891 Voltumnae
610 1816 752 1905 ladam,
787 1840 994 1892 mercatores
1020 1816 1152 1891 adfere-

174 1938 271 2011 bant.
321 1940 451 2010 Novus
467 1964 614 2035 quoque
631 1960 740 2012 terror
757 1940 939 2013 accefferat
955 1937 1153 2013 defectione

174 2056 389 2131 Latinorum
423 2058 753 2156 Hernicorumque,
783 2058 860 2156 qui,
888 2058 966 2156 post
995 2084 1154 2157 pugnam

174 2179 221 2253 ad
238 2180 361 2253 lacum
375 2176 561 2277 Regillum
579 2178 720 2267 saetam,
746 2206 808 2278 per
821 2206 930 2253 annos
947 2205 1055 2279 prope
1074 2206 1155 2255 cen-

174 2322 254 2373 tum
270 2324 473 2395 numquam
495 2299 664 2398 ambigua
677 2301 748 2373 fide
766 2300 804 2372 in
821 2299 1014 2375 amicitiam
1029 2300 1155 2399 populi

172 2420 334 2496 Romani
364 2418 514 2494 fuerant.
564 2422 689 2518 Itaque
724 2446 839 2518 quum
872 2420 958 2494 tanti
992 2421 1156 2519 undique

174 2564 320 2615 terrores
359 2540 636 2628 circumstarent,
679 2542 933 2639 adpareretque
974 2540 1155 2629 omnibus,

175 2688 249 2733 non
266 2660 352 2734 odio
369 2660 482 2735 solum
500 2662 597 2758 apud
612 2658 739 2747 hosteS,
765 2660 825 2735 sed
841 2682 1022 2735 contemtu
1050 2659 1156 2733 etiam

176 2781 268 2855 inter
283 2778 395 2855 socios
422 2808 554 2855 nomen
580 2784 790 2855 Romanum
817 2783 990 2867 laborate3
1024 2780 1158 2876 placuit

177 2900 310 2976 eisdem
341 2900 506 2999 auspiciis
533 2900 678 2976 defendi
709 2900 981 3000 rempublicam,
1026 2900 1158 2998 quibus

176 3042 378 3119 recuperata
393 3024 488 3109 effet,
522 3020 803 3120 didatoremque
832 3020 905 3095 dici
929 3024 987 3095 M.
1006 3021 1157 3095 Furium

178 3141 384 3217 Camillum.
451 3144 485 3215 ls
518 3142 669 3216 didator
706 3145 749 3217 C.
783 3142 971 3215 Servilium
1006 3144 1159 3215 Ahalam

179 3262 385 3362 magistrum
415 3262 582 3360 equitum
612 3261 728 3336 dixit:
762 3262 974 3361 justitioque
1009 3260 1158 3349 inditio,

178 3384 359 3457 delectum
375 3383 562 3478 juniorum
590 3382 728 3470 habuit,
763 3382 812 3457 ita
837 3406 879 3457 ut
896 3381 1046 3457 seniores
1069 3408 1160 3482 quo-

178 3530 264 3601 que,
293 3500 428 3600 quibus
447 3502 585 3601 aliquid
615 3504 750 3577 roboris
765 3501 962 3601 supereffet,
990 3502 1027 3578 in
1054 3507 1161 3578 verba

179 3624 240 3699 sua
256 3625 392 3721 juratos
415 3623 636 3698 centuriaret.
689 3622 898 3698 Exercitum
922 3624 1160 3721 conscriptum

178 3766 428 3842 armatumque
457 3743 625 3818 trifariam
653 3744 780 3818 divifit.
830 3748 970 3818 Partem
992 3770 1101 3817 unam
1125 3742 1162 3815 in

178 3892 264 3966 agro
283 3867 430 3963 Vejente
454 3865 614 3939 Etruriae
631 3864 814 3962 obposuit:
845 3866 987 3939 alteram
1004 3885 1084 3936 ante
1104 3889 1162 3935 ur·

179 3992 262 4062 bern
280 3987 389 4061 castra
401 3988 514 4060 locate
521 3987 628 4082 jusfit.
678 3984 866 4058 Tribunus
876 3982 1032 4057 militum
1046 3983 1100 4057 his
1115 3990 1161 4057 A.

182 4107 357 4196 Manlius,
390 4104 472 4195 illis,
498 4106 563 4205 qui
593 4104 756 4181 adversus
785 4104 949 4183 Etruscos
974 4104 1162 4180 mitteban-
