3067 5342
473 659 702 776 Ltnnn
754 656 821 730 lx.
1088 681 1162 756 345

179 825 296 905 niosae
311 829 408 928 pacis
430 831 555 931 magis,
585 857 696 929 quam
719 829 883 930 periculi,
909 829 1068 904 nuncius
1083 828 1163 904 suit.

180 951 243 1024 Ad
269 949 400 1025 samam
418 950 609 1026 obsidionis
628 953 786 1026 delectus
811 947 932 1024 haberi
955 972 1103 1048 coeptus
1128 977 1164 1024 e-

181 1091 255 1143 rat=
286 1065 446 1145 dimissus
463 1070 593 1145 deinde
609 1070 825 1145 auxiliorum
840 1072 1040 1168 adparatus,
1071 1071 1165 1169 post-

179 1213 289 1288 quam
306 1189 527 1265 deditionem
544 1212 617 1264 tam
641 1189 745 1264 foede
769 1191 899 1264 fastam
925 1213 1162 1288 acceperunt:

179 1311 433 1410 extemploque
450 1312 518 1384 sine
535 1311 607 1384 ulla
633 1309 778 1410 publica
792 1309 1000 1384 auctoritate
1019 1309 1163 1385 consen-

179 1427 259 1504 sum
292 1429 329 1504 in
362 1457 509 1506 omnem
541 1429 692 1506 sormam
717 1433 835 1506 luctus
865 1431 926 1505 est.
977 1432 1164 1504 Tabernae

178 1549 274 1624 circa
306 1548 424 1627 sorum
453 1550 598 1639 clausae,
638 1551 892 1648 justitiumque
924 1549 961 1623 in
993 1547 1070 1623 soro
1102 1548 1164 1624 sua

179 1667 301 1768 sponte
313 1692 481 1769 coeptum
497 1671 606 1769 prius,
632 1697 741 1770 quam
758 1669 954 1745 indistum:
988 1669 1164 1760 laticlavi,

177 1789 300 1863 annuli
327 1789 424 1864 aurei
453 1789 572 1890 pofiti;
605 1817 694 1888 pene
722 1789 887 1866 moestior
908 1789 1067 1864 exercitu
1091 1788 1166 1888 ipso
1282 1880 1286 1888 .

180 1907 302 1984 civitas
326 1910 416 1983 esse:
442 1936 507 1985 nec
534 1908 687 1985 ducibus
705 1910 819 1985 solum
834 1933 941 2010 atque
960 1909 1165 1984 auctoribus

178 2025 474 2126 sponsoribusque
504 2029 599 2127 pacis
632 2029 744 2118 irasci,
776 2029 836 2105 sed
863 2027 1030 2105 innoxios
1056 2029 1164 2106 etiam

177 2147 308 2222 milites
327 2147 450 2236 odisse,
484 2153 517 2222 δι
549 2175 675 2249 negare
702 2152 792 2226 urbe
816 2149 958 2225 testisve
984 2149 1162 2248 accipien-

177 2269 254 2342 dos.
305 2272 425 2369 Qiam
451 2267 724 2344 concitationem
750 2268 951 2344 animontm
978 2269 1085 2370 fregit
1100 2273 1162 2346 ad·

176 2408 302 2462 ventus
329 2388 516 2476 exercitus,
550 2387 657 2464 etiam
686 2388 780 2464 iratis
806 2389 1024 2465 miserabilis.
1074 2395 1163 2467 Non

178 2507 275 2582 enim
294 2530 476 2607 tamquam
494 2509 532 2583 in
558 2507 707 2607 patriam
725 2531 934 2584 revertentes
950 2536 996 2584 ex
1014 2509 1163 2610 inspera-
1280 2538 1283 2542 ·

177 2647 215 2701 to
249 2627 457 2716 incolumes,
485 2628 543 2703 sed
569 2650 753 2727 captorum
777 2628 901 2704 habitu
915 2631 1092 2729 vultuque
1109 2631 1163 2706 in-

176 2751 275 2848 greffi
292 2747 365 2822 sero
382 2749 420 2822 in
449 2753 589 2838 urbem,
620 2749 669 2823 ita
686 2749 720 2822 se
738 2749 775 2822 in
802 2748 871 2823 suis
887 2747 1040 2847 quisque
1058 2751 1159 2826 testis

176 2867 405 2955 abdiderunt,
432 2889 473 2942 ut
495 2869 633 2965 postero
663 2891 770 2968 atque
797 2867 1065 2966 insequentibus
1086 2871 1161 2945 die·

177 2990 246 3061 bus
270 3014 376 3062 nemo
398 3013 521 3062 eorum
538 2987 656 3062 sorum
683 3008 746 3062 aut
774 2987 963 3085 publicum
983 2988 1182 3089 adspicere¹

173 3109 292 3182 vellet.
341 3106 525 3196 Consules,
569 3107 606 3181 in
636 3107 774 3206 privato
806 3107 933 3196 abditi,
969 3108 1061 3183 nihil
1094 3136 1159 3208 pto

176 3227 379 3326 magistratu
409 3253 525 3326 agere,
566 3227 627 3300 nisi
654 3229 754 3326 quod
781 3230 980 3325 expressum
1010 3227 1160 3303 senatus-

173 3345 335 3422 consulto
352 3345 414 3434 est,
445 3368 487 3421 ut
511 3345 721 3420 dictatorem
747 3345 906 3420 dicerent
927 3347 1159 3425 comitiorum

172 3469 298 3542 caussa.
348 3471 405 3566 Q
421 3465 574 3540 Fabium
593 3466 815 3541 Ambustum
832 3466 1014 3556 dixerunt,
1048 3473 1081 3542 δι
1117 3473 1158 3544 Ρ.

174 3585 323 3660 Aelium
358 3589 507 3660 Paetum
537 3586 746 3684 magistrum
775 3586 952 3685 equitum.
1012 3590 1159 3689 Qubus

171 3704 262 3780 vitio
287 3702 422 3792 creatis,
448 3703 596 3779 subseEli
623 3709 681 3780 M.
699 3705 878 3781 Aemilius
905 3708 1022 3804 Papus
1047 3707 1157 3782 disla-

173 3845 240 3912 tor‚
267 3827 313 3898 1„
329 3823 487 3898 Valerius
502 3825 650 3898 Flaccus
667 3824 832 3924 magister
848 3825 1027 3924 equitum.
1077 3831 1158 3903 Nec

177 3969 240 4043 per
256 3969 316 4018 eos
339 3943 485 4020 comitia
503 3942 646 4018 habita:
682 3949 730 4032 &,
762 3944 848 4042 quia
865 3947 1028 4019 taedebat
1043 3973 1159 4047 popu-

172 4065 251 4140 lum
267 4065 433 4142 omnium
450 4062 721 4165 magistratuum
744 4065 820 4160 ejus
838 4063 936 4153 anni,
967 4091 1021 4141 res
1040 4069 1087 4143 ad
1103 4068 1158 4144 in·
