3067 5342
419 701 493 768 214
752 678 1069 754 T.Lrvtt

424 847 602 946 nusquam
622 850 697 926 acie
715 853 897 950 congresso
920 851 1032 941 hoste,
1062 877 1149 928 cum
1165 851 1255 952 agris
1277 851 1385 951 magis,

423 995 533 1069 quam
566 994 653 1044 cum
685 970 907 1060 hominibus,
957 972 1095 1048 urendo
1127 973 1387 1072 populandoque

423 1091 600 1190 geffenmt
615 1091 723 1164 bessa:
754 1092 855 1187 cujus
872 1093 985 1166 lentae
1001 1094 1099 1168 velut
1116 1091 1209 1169 tabis
1222 1089 1313 1166 senio
1326 1089 1388 1164 vic·

423 1231 460 1286 ta
479 1208 664 1308 utriusque
688 1209 880 1308 pertinacia
905 1211 1031 1310 populi
1053 1212 1116 1301 est,
1143 1232 1186 1286 ut
1207 1210 1354 1310 primum
1374 1235 1391 1282 a

425 1330 645 1420 consulibus,
678 1330 764 1405 dein
778 1331 943 1430 permissu
961 1356 1086 1408 eorum
1103 1335 1150 1408 ab
1166 1331 1283 1407 senatu
1298 1329 1389 1404 indu·

425 1449 498 1526 cias
523 1472 691 1550 peterent.
741 1453 784 1525 In
814 1453 1048 1552 quadraginta
1074 1479 1188 1528 annos
1215 1451 1390 1549 inpetrare·

424 1592 519 1646 runt.
570 1574 636 1660 Ita,
676 1575 786 1670 posita
818 1573 973 1646 duorum
1006 1573 1198 1660 bellorum,
1231 1595 1317 1670 quae
1346 1567 1390 1642 in·

424 1691 621 1780 minebant‚
651 1717 748 1780 cura,
774 1692 863 1765 dum
877 1691 996 1788 aliqua
1011 1693 1056 1766 ab
1070 1691 1178 1766 annis
1195 1691 1295 1788 quies
1310 1690 1389 1776 esset,

426 1811 513 1910 quia
530 1809 658 1886 solutio
674 1810 762 1885 aeris
778 1810 883 1885 alieni
900 1813 1093 1886 multarum
1114 1835 1235 1886 rerum
1250 1829 1391 1886 mutave-

425 1953 478 2006 rat
490 1931 670 2020 dominos,
684 1929 829 2006 censum
843 1931 900 2030 agi
913 1931 1057 2030 placuit.
1107 1934 1279 2006 Cetentm
1291 1953 1391 2028 quum
1498 1917 1499 1952 r

425 2050 627 2126 censoribus
653 2050 813 2126 creandis
843 2049 977 2125 indista
1002 2048 1150 2124 comitia
1175 2053 1295 2138 essent,
1323 2073 1390 2146 pro·

425 2169 530 2244 sessus
557 2167 740 2244 censuram
770 2169 803 2244 se
827 2190 944 2268 petere
976 2173 1020 2246 C.
1054 2169 1219 2246 Marcius
1244 2168 1389 2253 Rutilus,

425 2289 489 2387 qui
503 2288 640 2386 primus
664 2288 813 2364 distator
833 2291 878 2364 de
894 2292 999 2388 plebe
1019 2289 1144 2380 suetan
1180 2287 1391 2368 concordiam

424 2407 593 2482 ordinum
609 2408 775 2483 turbavit.
825 2412 937 2511 Qtod
952 2410 1141 2486 videbantr
1154 2412 1304 2511 quidem
1316 2429 1391 2482 tern-

425 2552 511 2626 pore
527 2525 643 2601 alieno
656 2525 792 2616 secisse;
827 2529 914 2628 quia
936 2535 1043 2606 ambo
1067 2551 1146 2606 tum
1166 2530 1255 2606 sorte
1272 2523 1392 2627 patricii

425 2647 585 2724 consules
602 2669 711 2736 erant,
742 2647 807 2747 qui
823 2648 995 2724 rationem
1009 2652 1083 2747 ejus
1097 2649 1130 2725 se
1147 2649 1326 2728 habinrros
1342 2669 1390 2718 ne·

424 2771 567 2868 gabant.
615 2767 813 2867 Sed&ipse
824 2769 1016 2844 constantia
1032 2769 1220 2867 inceptum
1237 2763 1389 2848 obtinuit,

426 2889 462 2961 bt
479 2886 628 2975 tribuni,
662 2887 761 2962 omni
778 2887 814 2961 vi
832 2890 1073 2986 recuperando
1091 2891 1151 2987 jus
1166 2889 1390 2967 consularibus
1499 2869 1500 2924 3

426 2998 582 3080 comitiis
606 3006 784 3094 amissum,
821 3007 1053 3103 adjuverunt3
1093 3014 1274 3109 &quum
1301 3008 1390 3106 ipsus

424 3124 493 3201 viri
509 3125 664 3221 majestas
681 3126 815 3201 nullius
831 3127 974 3202 honoris
986 3127 1167 3228 fastigium
1190 3156 1262 3205 non
1279 3149 1390 3223 aequa·

426 3249 500 3333 bat,
529 3267 608 3319 tum
625 3272 686 3344 per
702 3247 884 3335 eumdem,
919 3247 983 3346 qui
1000 3250 1045 3322 ad
1062 3247 1391 3345 distaturamaperu·

425 3364 502 3437 iffet
530 3365 639 3452 viam,
672 3364 854 3440 censuram
880 3393 1025 3466 quoque
1055 3369 1093 3442 in
1122 3391 1260 3466 partem
1287 3359 1390 3440 vocari

426 3484 548 3580 plebes
563 3483 715 3558 volebat.
764 3489 845 3560 Nec
858 3485 1032 3562 variatum
1051 3489 1208 3566 comitiis
1224 3489 1286 3576 est,
1314 3481 1391 3582 quin

427 3627 512 3677 cum
547 3601 690 3675 Manlio
724 3606 846 3678 Cnaeo
874 3605 995 3681 censor
1028 3608 1190 3683 Marcius
1225 3625 1391 3685 crearemr.

426 3721 648 3822 Didatorem
665 3747 813 3820 quoque
837 3724 897 3799 hic
927 3752 1040 3800 annus
1068 3729 1194 3804 habuit
1218 3732 1275 3804 Μ.
1299 3719 1391 3800 Fabi-

427 3868 505 3930 um,
532 3843 632 3916 nullo
650 3863 776 3918 terrore
793 3843 891 3932 belli,
917 3843 976 3919 sed
994 3873 1037 3921 ne
1055 3847 1199 3924 Licinia
1215 3852 1272 3924 lex
1293 3839 1391 3922 corni·

425 3961 485 4037 tiis
504 3961 745 4038 consularibus
757 3963 1006 4040 observaretur.
1056 3969 1229 4067 Magister
1241 3967 1391 4068 equitum

425 4081 589 4158 distatori
611 4082 754 4160 additus
771 4084 1013 4186 QServilius.
1063 4089 1146 4165 Nee
1158 4111 1275 4166 tamen
1294 4085 1391 4161 dicta-
