3067 5342
347 722 414 771 rro
692 696 1006 771 T.L1v11

342 884 367 917 “
386 896 425 949 tu
459 876 601 962 lrabeat,
644 895 717 948 tarn
746 872 985 949 concordibus
1010 872 1155 969 jundos
1184 868 1326 957 animis,

343 1004 369 1037 “
388 1020 505 1093 parere
520 1016 626 1095 atque
642 1000 811 1093 imperare
823 996 927 1091 juxta
937 1016 1086 1093 paratos,
1110 992 1327 1089 laudemque

344 1126 369 1159 “
388 1114 607 1189 conserentes
624 1114 742 1214 potius
765 1114 803 1187 in
827 1114 1002 1202 medium,
1033 1138 1142 1213 quarn
1166 1137 1210 1185 ex
1228 1135 1326 1184 com·

343 1246 370 1279 “
388 1234 492 1309 muni
504 1238 550 1309 ad
567 1233 601 1310 se
617 1236 826 1309 trahentes.”

393 1358 475 1429 Vll.
501 1354 646 1451 Justitio
670 1354 821 1444 indicto,
856 1357 1069 1453 deleduque
1093 1351 1230 1442 habito,
1256 1354 1328 1426 Fu·

343 1474 415 1550 rius
444 1502 485 1551 ac
504 1475 664 1550 Valerius
687 1477 733 1551 ad
757 1474 931 1551 Satricum
958 1474 1122 1573 profesti:
1151 1500 1226 1574 quo
1252 1499 1327 1547 non

344 1594 554 1672 Volscorum
585 1598 696 1671 modo
719 1596 948 1692 juventutem
972 1594 1133 1671 Antiates
1166 1622 1210 1671 ex
1238 1621 1331 1669 nova

343 1717 465 1794 subole
490 1717 631 1805 ledam,
663 1713 724 1791 sed
745 1715 927 1815 ingentem
952 1716 1165 1791 Latinorum
1191 1714 1327 1791 Herni-

344 1863 542 1936 corumque
557 1836 783 1912 conciverant
798 1862 844 1911 ex
865 1835 1099 1935 integerrimis
1118 1835 1257 1911 diutina
1269 1862 1330 1935 pa-

345 1986 386 2033 ce
408 1955 561 2057 populis.
610 1958 734 2057 ltaque
752 1982 866 2031 novus
891 1957 999 2031 hostis
1021 1956 1129 2031 veteri
1144 1958 1331 2054 adjuns'tus

346 2076 544 2153 commovit
570 2076 707 2151 animos
737 2076 861 2151 militis
889 2075 1059 2151 Romani.
1122 2078 1235 2180 Qrod
1265 2074 1330 2151 ubi

345 2196 460 2274 aciem
471 2198 546 2293 jam
564 2196 748 2271 instruenti
762 2196 916 2272 Camillo
931 2196 1153 2272 centuriones
1167 2194 1331 2272 renunci-

347 2339 508 2406 averunt,
534 2328 560 2361 “
578 2321 731 2392 turbatas
747 2316 905 2392 militurn
924 2339 1059 2393 mentes
1076 2320 1156 2407 effe,
1182 2316 1334 2417 segniter

348 2450 374 2483 “
392 2464 488 2513 arma
527 2460 640 2537 capta,
686 2437 1029 2537 cunctabundosque
1068 2443 1104 2514 a
1145 2439 1333 2514 resistentes

347 2560 539 2660 “egressos
561 2555 678 2633 eastris
704 2562 791 2647 effe3
823 2559 912 2659 quin
934 2586 1038 2635 voces
1062 2585 1207 2659 quoque
1231 2556 1332 2633 audi-

348 2692 374 2725 “
393 2702 457 2768 tas,
482 2704 567 2755 cum
581 2678 738 2753 centenis
755 2678 914 2755 hostibus
928 2681 1080 2779 singulos
1093 2700 1311 2779 pugnaturos
1320 2710 1332 2766 3

350 2813 375 2845 “
394 2806 541 2899 &aegre
552 2798 725 2875 inermem
741 2820 876 2873 tantam
891 2800 1175 2888 multitudinem,
1196 2800 1333 2873 nedum

350 2932 375 2967 “
393 2942 575 3006 armatam,
614 2918 773 2993 sustineri
799 2922 893 3017 polle
908 2922 943 3009 ;”
981 2920 1020 2995 in
1049 2945 1185 3019 equum
1215 2918 1333 3007 inldit,

349 3046 398 3130 dt,
429 3062 510 3117 ante
531 3043 627 3139 figna
650 3038 813 3116 obversus
831 3038 869 3113 in
886 3039 1013 3129 aciem,
1043 3040 1187 3115 ordines
1208 3040 1335 3115 intere·

349 3161 505 3262 quitans,
556 3170 581 3205 “
610 3164 712 3261 Qrae
742 3158 894 3247 tristitia,
933 3160 1077 3251 milites,
1108 3165 1208 3250 haec,
1242 3186 1334 3259 quae

349 3279 533 3357 “insolita
559 3278 741 3355 cunetatio
774 3278 845 3353 est?
896 3282 1065 3370 Hostem,
1106 3308 1151 3357 an
1178 3308 1250 3371 me,
1290 3306 1334 3355 an

350 3414 458 3477 “vos
487 3398 677 3499 ignoratis?
728 3399 854 3473 Hostis
888 3400 937 3475 est
967 3400 1060 3500 quid
1085 3402 1196 3492 aliud,
1224 3428 1335 3501 quarn

351 3534 564 3621 “perpetua
593 3518 738 3593 materia
761 3518 901 3595 virtutis
935 3520 1139 3621 gloriaeque
1171 3522 1335 3597 vestrae?

351 3645 470 3716 “Vos
497 3660 632 3728 contra,
668 3666 727 3714 me
761 3642 867 3730 duce,
898 3646 954 3739 (ut
980 3642 1134 3717 Falerios
1160 3640 1335 3741 Vejosque

352 3776 378 3855 ξ(
395 3784 528 3863 captos,
566 3758 668 3836 &in
693 3784 795 3860 capta
823 3760 934 3860 patria
968 3764 1154 3837 Gallorum
1179 3761 1338 3862 legiones

352 3881 509 3960 “caesas
536 3882 685 3976 taceam)
719 3882 831 3956 modo
855 3880 1062 3982 trigeminae
1087 3882 1253 3958 vidoriae
1277 3882 1338 3957 rri-

353 4017 379 4051 “
396 4004 528 4103 plicem
550 4000 775 4100 triumphum
799 4028 845 4076 ex
868 4000 922 4077 his
944 4002 1021 4103 ipsis
1035 4002 1185 4094 Volscis,
1214 4011 1247 4079 δι
1264 4010 1338 4079 Ae·

354 4136 379 4171 “
399 4123 493 4224 quis,
516 4128 551 4199 &
565 4149 611 4199 ex
632 4121 773 4198 Etruria
786 4120 914 4225 egistis.
966 4128 1027 4199 An
1040 4150 1111 4214 me,
1146 4127 1248 4226 quod
1264 4152 1338 4201 non
