3067 5342
367 754 435 803 roo
706 732 1026 806 T.L1vtr

367 906 502 1003 legatus
533 905 571 978 in
604 907 739 993 Gallos,
783 908 828 981 ad
862 934 952 1005 quos
982 905 1103 981 miffus
1129 924 1201 979 erat
1226 924 1354 989 orator,

369 1046 490 1099 contra
509 1025 569 1121 jus
593 1026 755 1133 gentium
782 1030 975 1127 pugnasset.
1025 1025 1096 1100 Cui
1111 1022 1255 1121 judicio
1270 1049 1356 1096 eum

370 1172 477 1231 mors,
516 1146 607 1219 adeo
640 1168 852 1245 opportuna,
886 1168 928 1219 ut
959 1143 1195 1219 voluntariam
1229 1168 1358 1241 magna

371 1292 447 1364 pars
482 1266 652 1353 crederet,
691 1264 872 1341 subtraxit.
933 1270 1178 1365 Interregnum
1213 1262 1356 1337 initum.

373 1390 415 1461 P.
430 1384 616 1461 Cornelius
632 1385 752 1484 Scipio
772 1386 937 1485 interrex,
967 1392 1001 1461 δι
1017 1385 1094 1485 post
1111 1412 1195 1459 eum
1210 1386 1267 1457 M.
1286 1386 1360 1456 Fu-

373 1505 445 1580 rius
462 1504 634 1580 Camillus
648 1504 787 1581 iterum.
838 1509 871 1581 Is
885 1508 1046 1583 tribunos
1063 1504 1222 1579 militum
1232 1502 1361 1577 consu-

374 1626 436 1703 lari
462 1625 630 1725 potestate
648 1648 754 1714 creat,
781 1630 828 1703 L.
850 1627 1032 1701 Valerium
1055 1622 1279 1700 Publicolam
1294 1622 1361 1697 ite-

376 1774 471 1836 rum,
503 1750 550 1820 L.
574 1746 795 1845 Virginium,
829 1752 870 1822 P.
902 1745 1124 1833 Cornelium,
1151 1748 1198 1819 A.
1224 1743 1362 1819 Manli-

378 1895 458 1955 um,
492 1870 538 1941 L.
557 1866 770 1957 Aemilium,
798 1868 845 1941 L.
869 1866 1105 1941 Postumium.
1156 1862 1212 1938 Hi
1238 1891 1282 1939 ex
1307 1864 1364 1937 in-

378 2010 539 2085 terregno
570 2012 687 2084 quum
717 1990 898 2087 extemplo
928 1986 1171 2087 magistrarum
1208 1984 1365 2073 iniffent,

380 2108 478 2180 nulla
490 2108 536 2180 de
551 2133 585 2180 re
599 2106 710 2203 prius,
737 2110 906 2205 quamde
925 2106 1170 2207 religionibus,
1202 2105 1364 2181 senatum

379 2225 595 2301 consuluere.
659 2227 850 2326 Inprimis
884 2226 1025 2301 foedera
1046 2254 1087 2303 ac
1120 2230 1214 2327 leges
1250 2231 1367 2323 (erant

380 2368 501 2421 autem
518 2373 577 2419 eae
607 2346 803 2421 duodecim
824 2349 961 2423 tabulae
988 2348 1222 2445 &quaedam
1248 2344 1366 2445 regiae

380 2468 489 2566 leges)
535 2466 712 2565 conquiri,
763 2493 853 2565 quae
885 2490 1138 2567 comparerent,
1172 2469 1365 2565 jullerunt:

382 2587 450 2662 alia
475 2613 520 2661 ex
534 2586 584 2660 eis
601 2586 697 2661 edita
723 2587 830 2661 etiam
852 2585 889 2661 in
903 2590 1049 2687 vulgus:
1071 2614 1161 2687 quae
1178 2610 1298 2661 autem
1318 2588 1370 2661 ad

382 2708 475 2785 sacra
493 2706 727 2807 pertinebant,
753 2734 775 2781 a
799 2708 1029 2806 pontificibus
1059 2708 1228 2795 maxime,
1254 2728 1296 2779 ut
1312 2731 1368 2779 re-

384 2829 518 2929 ligione
543 2826 726 2902 obstrictos
752 2829 923 2903 haberent
949 2828 1191 2909 multitudinis
1216 2825 1369 2916 animos,

383 2949 568 3049 subpressa.
619 2950 720 3021 Tum
734 2948 779 3021 de
797 2947 924 3032 diebus
942 2949 1107 3049 religiosis
1124 2948 1248 3049 agitari
1261 2973 1370 3045 coep·

384 3090 476 3157 tum,
510 3068 680 3166 diemque
710 3089 790 3143 ante
814 3068 912 3145 diem
937 3096 983 3143 xv
1007 3070 1184 3146 Kalendas
1206 3068 1369 3157 Sextiles,

386 3188 524 3287 duplici
550 3190 650 3271 clade
668 3188 853 3286 infignem,
890 3194 980 3288 (quo
1008 3188 1067 3265 die
1090 3191 1136 3263 ad
1165 3192 1371 3267 Cremeram

387 3309 490 3384 Fabii
521 3312 619 3396 caefi,
652 3334 726 3406 quo
760 3308 891 3385 deinde
918 3311 964 3383 ad
982 3310 1115 3390 Alliam
1146 3337 1232 3395 cum
1258 3310 1372 3385 exitio

385 3430 486 3505 urbis
509 3428 613 3505 foede
628 3431 844 3527 pugnatum)
875 3456 895 3503 a
910 3429 1097 3527 posteriore
1116 3432 1215 3506 clade
1232 3430 1371 3505 Allien-

386 3549 459 3625 sem
491 3550 726 3647 adpellarunt,
758 3548 1001 3648 infignemque
1030 3552 1079 3625 rei
1103 3552 1195 3633 nulli
1224 3552 1371 3652 publice

387 3668 626 3772 privatimque
652 3669 808 3768 agendae
834 3668 1004 3748 fecerunt.
1054 3672 1230 3774 Qridam,
1271 3674 1373 3770 quod

387 3787 555 3893 postridie
585 3790 672 3863 Idus
705 3786 907 3890 Qrinctiles
940 3818 1013 3865 non
1044 3790 1168 3871 litaffet
1193 3792 1373 3890 Sulpicius

388 3911 554 3988 tribunus
594 3908 766 3997 militum,
807 3935 924 4007 neque
956 3910 1099 3987 inventa
1124 3940 1216 4011 ,pace
1250 3915 1373 3989 Deum

389 4032 468 4131 post
484 4031 582 4106 diem
596 4030 741 4106 tertium
759 4030 916 4127 objectus
937 4030 1027 4105 hosti
1042 4033 1216 4109 exercitus
1235 4037 1371 4109 Roma-

391 4178 460 4229 nus
485 4154 580 4241 effer,
615 4150 721 4227 etiam
744 4149 913 4250 postridie
938 4153 1025 4227 Idus
1042 4156 1147 4229 rebus
1164 4154 1296 4232 divinis
1316 4153 1370 4230 su-
