3067 5342
399 650 442 698 ro
724 625 1036 697 T.‘Lrv11

397 805 625 870 “contentus
649 797 765 870 essem.
814 797 1003 894 Negabant
1025 819 1148 892 nuper,
1173 793 1291 868 danda
1305 795 1372 868 esst

398 928 517 990 “aera
554 914 740 1002 militibus,
781 914 866 1012 quia
905 916 1103 1011 numquam
1143 913 1224 987 data
1254 917 1375 989 essent.

398 1046 423 1079 “
441 1041 609 1136 Qronam
638 1036 747 1108 modo
769 1033 878 1132 igitur
907 1059 1003 1107 nune
1027 1031 1202 1129 indignari
1219 1035 1374 1130 possunt,

400 1167 424 1200 “
443 1154 574 1253 quibus
597 1153 733 1252 aliquid
752 1153 836 1229 novi
852 1155 1029 1250 adjestum
1046 1152 1230 1227 commodi
1245 1156 1298 1239 fit,
1323 1152 1375 1226 eis

399 1276 597 1348 “laborem
628 1273 733 1348 etiam
758 1300 893 1347 novum
921 1299 986 1370 pro
1014 1272 1175 1371 portione
1207 1272 1375 1372 injungi?

399 1405 425 1439 “
444 1393 630 1491 Nusquam
648 1421 711 1468 nec
729 1419 833 1492 opera
843 1397 912 1466 fine
922 1395 1176 1482 emolumento,
1199 1419 1265 1468 nec
1277 1419 1376 1467 erno·

400 1525 425 1560 “
444 1517 644 1587 lumentum
661 1512 770 1587 ferme
786 1516 854 1586 srne
871 1510 1012 1611 inpensa
1026 1539 1131 1610 opera
1146 1513 1207 1586 est
1255 1516 1379 1588 Labor

400 1645 425 1677 “
444 1632 684 1732 voluptasque,
711 1631 937 1706 diffimillima
952 1654 1084 1721 natura,
1114 1631 1274 1707 societate
1290 1659 1378 1732 qua-

401 1766 427 1798 “
446 1755 528 1827 dam
545 1752 635 1826 inter
657 1749 690 1826 se
714 1752 860 1826 naturali
876 1751 956 1826 sunt
965 1753 1098 1848 juncia,
1148 1753 1300 1826 Moleste
1315 1779 1378 1826 an·

402 1885 427 1918 “
446 1895 501 1948 tea
523 1872 655 1947 serebat
670 1871 784 1959 miles,
810 1871 842 1945 se
858 1872 922 1946 suo
937 1871 1053 1946 sumtu
1073 1898 1214 1970 operam
1237 1871 1378 1969 reipub-

403 2005 429 2038 “
445 1993 532 2067 licae
548 1995 725 2090 praebere:
752 1992 927 2090 gaudebat
953 1991 1063 2078 idem,
1085 2013 1218 2089 partem
1237 1991 1320 2064 anni
1343 1990 1379 2065 se

403 2123 429 2156 “
447 2137 570 2210 agrum
586 2110 688 2186 suum
718 2113 850 2197 colere;
876 2136 1050 2209 quaerere,
1080 2112 1178 2185 unde
1197 2110 1297 2184 domi
1311 2110 1379 2184 mi-

404 2242 430 2274 “
448 2229 613 2328 litiaeque
628 2229 660 2303 se
680 2257 719 2304 ac
736 2229 814 2304 suos
837 2229 927 2303 tueri
941 2233 1059 2328 posset
1109 2232 1252 2305 Gaudet
1267 2256 1379 2320 nunc,

405 2362 430 2394 “
449 2348 578 2423 snrclui
602 2349 663 2424 fibi
686 2347 938 2447 rempublicam
961 2352 1041 2437 else,
1067 2354 1101 2422 a
1127 2352 1235 2424 laetus
1251 2349 1379 2447 stipen-

405 2481 429 2514 “
449 2469 551 2542 dium
567 2467 704 2566 accipit.
755 2473 884 2566 Aequo
905 2468 1012 2566 igitur
1026 2468 1145 2542 animo
1161 2469 1320 2566 patiatur,
1346 2469 1381 2544 se

405 2592 493 2663 “ab
520 2590 643 2674 domo,
672 2591 716 2661 ab
744 2613 780 2660 re
804 2586 977 2676 familiari,
1013 2587 1072 2663 cui
1099 2588 1210 2688 gravis
1239 2588 1383 2687 inpensa

406 2721 522 2782 “non
550 2706 612 2794 est,
643 2709 759 2804 paullo
782 2705 916 2780 diutius
941 2709 1062 2782 abesse.
1113 2715 1187 2796 An,
1208 2711 1293 2783 srad
1312 2711 1382 2782 cal-

406 2831 547 2904 “culos
569 2855 652 2902 eum
679 2825 871 2924 respublica
885 2850 1000 2915 vocet,
1026 2854 1098 2901 non
1114 2827 1240 2902 merito
1262 2817 1381 2904 dicat?

406 2961 567 3022 “annua
592 2972 667 3021 aera
696 2949 814 3034 habes,
845 2973 996 3020 annuam
1026 2973 1166 3046 operam
1192 2950 1270 3022 ede.
1320 2953 1385 3021 An
1408 3009 1411 3014 .

408 3079 490 3141 “tu
517 3093 671 3164 aequum
692 3065 820 3153 censes,
847 3065 974 3139 militia
998 3066 1148 3142 semestri
1173 3066 1324 3142 solidum
1348 3087 1385 3140 te

407 3185 665 3283 “stipendium
680 3183 858 3282 accipere?
908 3186 1042 3260 Invitus
1058 3187 1095 3260 in
1120 3191 1184 3262 hac
1200 3208 1295 3286 parte
1309 3211 1385 3260 ora-

409 3319 433 3350 “
452 3304 572 3391 tionis,
602 3303 772 3404 Qrirites‚
811 3330 952 3378 moror:
995 3310 1039 3380 fic
1068 3307 1164 3381 enim
1194 3333 1295 3406 agere
1322 3309 1387 3381 de-

410 3435 435 3467 “
454 3427 552 3510 bent,
580 3421 643 3520 qui
665 3423 877 3497 mercenario
903 3425 1015 3500 milite
1037 3447 1195 3501 utuntur.
1246 3433 1297 3500 At
1321 3453 1386 3500 nos

410 3556 435 3587 “
454 3565 634 3641 tamquam
650 3569 733 3616 cum
761 3542 897 3617 civibus
919 3571 1019 3644 agere
1035 3548 1216 3622 volumus:
1255 3545 1386 3645 agique

410 3675 633 3760 “tamquam
657 3689 739 3736 cum
762 3663 870 3760 patria
886 3665 1069 3739 nobiscum
1091 3693 1246 3765 aequum
1270 3665 1386 3741 cense-

411 3795 436 3828 “
454 3811 544 3856 mus.
595 3787 672 3856 Aut
702 3810 774 3856 non
804 3782 928 3883 suscipi
951 3787 1085 3859 bellum
1117 3785 1292 3884 oportuit3
1326 3809 1388 3860 aut

411 3902 528 4002 “geri
558 3929 621 4001 pro
653 3901 824 4002 dignitate
853 3904 976 4003 populi
1003 3905 1172 3993 Romani,
1202 3911 1236 3980 δι
1266 3904 1387 4004 perfici

412 4035 436 4068 “
456 4049 563 4121 quam
592 4022 746 4122 primum
770 4045 917 4123 oportet.
967 4024 1170 4101 Persicietur
1193 4047 1327 4115 autem,
1364 4027 1388 4098 sr
