3067 5342
512 681 740 754 Lrnrttt
791 677 858 754 IX.
1123 701 1191 771 421

222 869 275 930 ter
306 854 436 930 multas
466 851 650 930 sententiaa
682 880 769 942 una,
812 877 919 951 quae,
961 849 1086 926 omiffn
1116 877 1200 928 eura

221 971 484 1062 communium,
524 975 572 1048 ad
611 972 806 1072 tespeimm
845 970 985 1048 suatum
1016 995 1199 1070 quemque

223 1119 341 1168 rerum
355 1092 520 1180 vertiffet,
549 1091 695 1179 audita3
724 1113 766 1168 ut
792 1090 905 1189 prima
929 1088 1052 1190 vigilia
1078 1088 1200 1166 diversi

222 1239 244 1286 e
259 1211 377 1288 castris
392 1214 438 1288 ed
460 1213 677 1310 deportanda
698 1210 820 1287 otnnia
844 1211 1049 1312 tuendaque
1065 1207 1201 1284 moeni·

224 1334 294 1408 bus
309 1330 349 1405 in
365 1335 471 1407 urbes
491 1330 628 1406 abirent
634 1362 646 1418 3
675 1326 796 1408 cuneti
823 1355 902 1404 eam
918 1328 1125 1408 sententiam
1147 1328 1201 1406 in·

225 1451 325 1552 genti
349 1450 494 1527 adsensu
514 1476 690 1551 accepere.
740 1447 868 1526 Pueris
895 1447 1055 1526 hostibus
1078 1473 1140 1547 per
1167 1475 1204 1525 a·

225 1597 320 1670 gros,
352 1570 468 1671 prima
499 1572 580 1646 luce
613 1567 785 1657 Romani,
825 1567 928 1670 fignis
963 1568 1119 1668 prolatis,
1165 1568 1203 1645 in

223 1688 299 1766 acie
324 1690 534 1778 oonfistunt3
564 1693 612 1779 ie,
639 1688 706 1766 ubi
730 1715 838 1765 nemo
855 1687 982 1764 obvius
1012 1689 1098 1778 ibat,
1130 1690 1202 1787 ple·

224 1836 274 1885 no
287 1809 399 1909 gradu
425 1811 473 1886 ad
492 1809 600 1884 castre
623 1807 780 1884 hostium
806 1809 969 1884 tendunt.
1019 1812 1201 1898 Ceterum,

220 1929 415 2030 postquam
448 1927 501 2005 ibi
533 1954 650 2026 neque
682 1927 845 2004 stationes
876 1953 940 2027 pro
970 1928 1091 2028 portis,
1138 1955 1203 2004 nec

225 2073 447 2148 quemquam
477 2048 516 2124 in
542 2050 649 2137 vallo,
691 2074 758 2123 nec
782 2045 965 2130 fremitum
994 2047 1202 2126 consuetum

226 2167 417 2242 castrorum
440 2167 762 2244 animadverterunt
773 2200 785 2256 3
819 2167 959 2244 insolito
977 2167 1111 2244 silentio
1127 2193 1203 2242 mo·

229 2285 271 2374 ti,
302 2307 403 2362 metu
430 2285 633 2396 infidiarum
659 2286 857 2364 subsistunt.
906 2285 1116 2388 Transgreffi
1143 2287 1203 2362 de·
1352 2285 1355 2294 ’

228 2405 314 2482 inde
341 2407 488 2497 vellum,
535 2423 651 2508 qu'unr
678 2406 812 2485 deserta
838 2407 959 2484 omnia
984 2406 1203 2496 invenissent,

227 2546 381 2624 pergunt
405 2527 541 2605 hostem
566 2525 721 2628 vestigiis
747 2526 865 2628 sequit
903 2525 963 2603 sed
982 2526 1139 2628 vestigia,
1167 2525 1205 2604 irt

227 2671 353 2720 ornnes
381 2671 494 2746 aeque
523 2645 669 2722 ferentia
693 2669 819 2745 partes,
849 2668 892 2722 ut
914 2645 951 2722 in
974 2646 1110 2745 dilapsis
1132 2644 1205 2745 pas·

228 2768 304 2854 fim,
332 2765 448 2864 ptimo
477 2791 628 2842 errorem
654 2764 853 2854 faciebant;
886 2767 976 2864 post,
1001 2792 1064 2865 per
1087 2767 1207 2864 explo-

228 2905 356 2959 ratores
388 2884 577 2981 compertis
602 2884 759 2960 hostium
789 2884 952 2974 confiliis,
979 2887 1026 2961 ad
1058 2885 1207 2984 singulas

228 3005 334 3079 urbes
354 3001 639 3078 circumferendo
655 3007 763 3094 bello,
795 3030 909 3080 unum
926 3011 961 3080 δι
976 3005 1209 3104 quadraginta

191 3116 193 3119 ’
227 3122 361 3222 oppida
377 3121 469 3197 intra
484 3120 560 3197 dies
581 3122 841 3223 quinquaginta
856 3124 978 3200 omnia
994 3129 1208 3224 obpugnan-

193 3275 197 3278 ·
229 3243 280 3317 do
301 3263 472 3340 ceperunt
479 3273 490 3329 ;
518 3265 675 3339 quorum
697 3245 865 3343 pleraque
888 3243 1006 3318 diruta
1026 3265 1132 3344 atque
1155 3243 1208 3318 in-

230 3360 343 3450 censa,
375 3385 578 3460 nomenque
605 3358 818 3461 Aequorum
846 3388 956 3462 prope
982 3366 1028 3438 ad
1057 3364 1207 3441 interne-

131 3525 139 3540 ·
231 3479 372 3555 cionem
385 3482 554 3554 deletum.
604 3483 661 3556 De
679 3481 818 3580 Aequis
835 3483 1114 3583 triumphatum:
1146 3510 1207 3560 ex·

232 3602 421 3698 emploque
437 3625 560 3676 eorum
576 3602 693 3675 clades
704 3600 788 3690 fuit,
812 3623 855 3676 ut
870 3603 1084 3692 Marrucini,
1111 3607 1209 3680 Mar·

175 3745 178 3748 ’
231 3722 269 3806 fi,
298 3717 452 3818 Peligni,
478 3719 643 3794 Frentani
670 3719 850 3797 mitterent
875 3724 1032 3797 Romam
1058 3745 1209 3800 oratores

232 3837 328 3936 pacis
350 3839 521 3936 petendae
541 3839 799 3940 amicitiaeque.
848 3841 895 3916 Iis
921 3842 1062 3941 populis
1085 3842 1209 3920 foedus

233 3959 435 4056 petentibus
451 3959 587 4034 datum.
