3067 5342
483 722 811 796 errunV.
1098 747 1143 821 53

161 896 361 994 legatorum
394 919 540 984 nomen,
577 899 803 996 donumque,
837 897 872 970 δι
901 897 1037 983 Deum,
1081 893 1142 970 cui

159 1016 373 1105 mitteretur,
404 1016 549 1090 &doni
576 1019 728 1092 caussam
745 1015 876 1090 veritus
902 1014 987 1113 ipse,
1020 1015 1142 1090 multi-

159 1137 326 1211 tudinem
352 1161 512 1234 quoque,
542 1163 631 1235 quae
648 1135 789 1235 semper
807 1135 916 1210 ferme
932 1134 1068 1233 regenti
1091 1135 1141 1210 est

157 1255 292 1344 srmilis,
312 1255 491 1354 religionis
508 1257 621 1352 justae
645 1256 809 1355 inplevit:
836 1255 1078 1354 adduslosque
1101 1255 1140 1330 in

157 1375 346 1474 publicum
367 1375 560 1475 hospitium
577 1377 722 1475 legatos,
753 1401 838 1450 cum
853 1375 1020 1473 praesidio
1034 1375 1140 1450 etiam

156 1495 304 1570 navium
332 1498 491 1594 Delphos
515 1493 729 1592 prosecutus,
753 1497 911 1568 Romam
934 1494 1018 1568 inde
1035 1495 1138 1594 sospi-

155 1635 208 1688 tes
230 1613 392 1690 restituit.
443 1613 654 1714 Hospitium
681 1641 766 1689 cum
786 1641 830 1689 eo
845 1613 1138 1690 senatusconsulto

154 1735 207 1808 est
226 1734 374 1823 festum,
409 1737 573 1833 donaque
589 1734 732 1833 publice
750 1737 840 1810 data„
890 1734 1031 1808 Eodem
1045 1763 1138 1810 anno
1197 1791 1201 1797 ⁴

154 1853 193 1928 in
212 1855 351 1953 Aequis
368 1853 460 1928 varie
478 1857 664 1928 bellatum:
690 1857 780 1929 adeo
796 1876 839 1928 ut
857 1854 895 1928 in
909 1854 1044 1929 incerto
1060 1855 1137 1930 fue·

154 1974 199 2048 rit
226 1979 261 2048 &
286 1977 382 2072 apud
405 1974 494 2072 ipsos
521 1974 694 2048 exercitus
719 1979 754 2048 ὅτ
779 1979 932 2063 Romae,
964 1976 1136 2065 vicissent,

154 2093 288 2168 vistine
327 2097 445 2170 essent.
512 2097 739 2194 Imperatores
773 2094 929 2168 Romani
963 2097 1061 2173 suere
1091 2125 1137 2174 ex

154 2213 306 2288 tribunis
334 2214 491 2289 militum
524 2217 567 2290 C.
599 2214 788 2304 Aemilius,
828 2219 885 2314 Sp.
921 2216 1134 2293 Postumius.

153 2333 277 2408 Primo
295 2361 370 2408 rem
390 2334 628 2409 communiter
644 2337 834 2434 gesserunt:
859 2335 942 2410 fufis
958 2336 1043 2412 inde
1058 2340 1134 2414 acie

152 2455 326 2542 hostibus,
358 2453 557 2528 Aemilium
586 2454 754 2553 praefidio
780 2457 1015 2555 Verruginem
1040 2458 1134 2534 obti—
1178 2496 1183 2505 ·

151 2601 235 2650 nere
247 2574 395 2673 placuit,
430 2574 654 2648 Postumium
671 2577 757 2649 fines
774 2577 913 2651 vastare.
962 2578 1018 2654 lbi
1034 2604 1132 2666 eum,

151 2694 384 2794 incomposito
400 2693 541 2794 agmine
559 2695 803 2795 neglegentius
818 2699 911 2772 abre
924 2699 1015 2772 bene
1038 2697 1133 2795 gesta

149 2835 310 2903 euntem,
338 2815 449 2890 adorti
471 2815 605 2915 Aequi,
638 2837 763 2890 terrore
783 2816 925 2912 injecto,
955 2817 993 2890 in
1010 2816 1128 2915 proxi-

150 2963 227 3010 mos
245 2937 447 3034 compulere
464 2938 637 3010 tumulos:
666 2963 844 3034 pavorque
862 2935 946 3010 inde
963 2937 1129 3035 Venugi-

150 3055 368 3131 nemetiam
397 3057 442 3130 ad
470 3055 678 3153 praesidium
707 3059 855 3130 alterum
888 3056 938 3129 est
966 3057 1128 3153 perlutus.

149 3175 366 3262 Postumius,
392 3174 460 3249 suis
478 3175 516 3248 in
537 3197 657 3249 tutum
683 3176 843 3273 receptis,
869 3202 983 3274 quum
1009 3175 1128 3250 conci-

148 3323 216 3371 one
231 3299 401 3370 advocata
417 3308 582 3370 terrorem
597 3295 789 3393 increparet
805 3322 845 3369 ac
866 3295 1007 3394 sugam3
1033 3295 1128 3372 susos
1193 3280 1196 3289 ¹

147 3419 213 3490 effe
236 3420 283 3491 ab
306 3415 523 3515 ignavissrmo
547 3420 581 3488 δι
605 3415 824 3514 fugacissrmo
846 3415 944 3489 hoste
951 3449 964 3503 3
988 3420 1127 3492 concla-

146 3557 220 3610 mat
232 3533 413 3610 universus
438 3534 623 3623 exercitus,
654 3535 780 3608 merito
803 3534 836 3609 se
860 3561 901 3609 ea
923 3536 1071 3626 audire,
1091 3543 1125 3613 δι

146 3655 245 3732 fateri
262 3655 452 3730 admissum
471 3655 663 3753 flagitium:
690 3654 750 3729 sed
776 3655 917 3730 eosdem
943 3661 1125 3731 contestu-

144 3803 198 3851 ros
227 3779 308 3864 effe,
332 3803 447 3875 neque
473 3775 684 3850 diuturnum
712 3775 751 3849 id
775 3775 947 3875 gaudium
964 3776 1125 3851 hostibus

146 3895 230 3972 sore.
299 3895 496 3985 Poscentes,
543 3915 586 3968 ut
617 3893 802 3970 confestim
834 3895 918 3970 inde
946 3898 991 3971 ad
1019 3897 1125 3972 castra

146 4016 302 4092 hostium
332 4018 489 4103 duceret,
523 4015 576 4114 (in
606 4013 795 4114 conspeetu
825 4038 921 4090 erant
951 4019 1059 4116 pofita
1084 4017 1122 4092 irr

146 4139 264 4234 plano)
294 4137 384 4211 nihil
411 4163 544 4236 poenae
566 4136 783 4225 recusabant,
813 4136 851 4211 ni
878 4163 919 4211 ea
940 4157 1021 4213 aute
1038 4165 1121 4214 noc-
