3067 5342
408 733 475 808 172
735 707 1049 784 T.L1v11

405 893 431 928 “
448 883 487 958 in
503 881 594 986 agris
619 883 695 960 fieri
720 887 888 984 pellendo
914 883 1045 963 finibus
1067 881 1253 960 dominos:
1281 883 1377 958 altera

403 1015 429 1048 “
447 1005 558 1080 fidem
577 1005 753 1105 abrogari,
782 1033 868 1082 curn
884 1033 958 1106 que
972 1005 1090 1082 omnis
1106 1008 1265 1080 humana
1277 1002 1374 1079 socie·

403 1135 429 1170 “
446 1146 497 1200 tes
513 1123 659 1201 tollitur.
709 1123 888 1202 Omnium
904 1153 1022 1204 rerum
1046 1127 1164 1204 caussa
1178 1124 1279 1202 vobis
1294 1121 1375 1200 anti-

402 1255 429 1290 “
446 1247 607 1344 quandas
628 1245 754 1322 censeo
771 1245 849 1322 istas
863 1247 1071 1350 rogationes.
1122 1248 1237 1350 Qrod
1254 1243 1375 1334 faxitis,

402 1375 428 1410 “
447 1367 545 1442 Deos
558 1365 667 1442 velim
681 1367 894 1443 fortunare?

453 1487 574 1562 XLII.
600 1486 726 1562 Oratio
752 1487 865 1587 Appii
898 1489 944 1564 ad
974 1487 1012 1562 id
1044 1489 1159 1563 modo
1192 1484 1314 1576 valuit,
1339 1505 1377 1559 ut

399 1595 541 1704 tempus
557 1607 785 1708 rogationum
798 1608 1038 1705 jubendamm
1055 1607 1281 1707 proferretur.
1306 1608 1373 1678 Re-

398 1724 481 1802 fecti
498 1727 682 1802 decimum
694 1727 804 1803 iidem
816 1727 964 1816 tribuni,
993 1728 1136 1804 Sextius
1148 1733 1183 1802 δι
1201 1725 1372 1812 Licinius,

398 1848 445 1922 de
461 1847 674 1923 decemviris
689 1847 865 1924 sacrorum
882 1874 926 1923 ex
950 1869 1047 1946 perte
1067 1849 1113 1924 de
1131 1850 1238 1948 plebe
1265 1871 1374 1922 crean-

397 1965 454 2042 dis
485 1969 603 2068 legem
635 1970 820 2068 pertulere.
870 1967 987 2044 Creati
1021 1967 1187 2070 quinque
1221 1972 1373 2052 Parrum,

396 2087 559 2187 quinque
589 2087 720 2187 plebisr
751 2089 936 2188 graduque
962 2115 1006 2163 eo
1030 2089 1107 2184 jam
1135 2088 1196 2162 via
1223 2085 1313 2163 faeta
1332 2084 1373 2158 ad

396 2207 619 2283 consulatum
650 2207 848 2284 videbatur.
914 2209 998 2284 Hac
1031 2207 1183 2284 victoria
1215 2225 1374 2284 contenta

395 2327 515 2426 plebes
532 2330 627 2402 ceffit
643 2326 820 2417 Patribus,
846 2349 901 2419 ut,
925 2327 963 2404 in
980 2328 1173 2427 praesentia
1192 2323 1372 2404 consulum

394 2446 578 2522 mentione
618 2445 755 2537 omissa,
802 2447 936 2524 tribuni
969 2449 1128 2526 militum
1159 2435 1371 2526 crearentur.

394 2565 511 2642 Creati
544 2571 593 2642 A.
611 2570 644 2641 u
663 2569 722 2642 Μ.
739 2569 896 2644 Cornelii
922 2569 1065 2660 iterum,
1095 2573 1156 2646 M.
1181 2565 1371 2668 Geganius,

393 2690 435 2764 P.
464 2685 641 2776 Manlius,
667 2689 716 2762 t„
743 2688 924 2778 Veturius,
964 2694 1005 2766 P.
1036 2691 1197 2766 Valerius
1226 2687 1369 2764 sextum.

392 2813 521 2910 Qrum
544 2827 679 2908 praeter
692 2808 905 2884 Velitrarum
929 2809 1164 2898 obfidionem,
1193 2806 1283 2884 tardi
1302 2828 1369 2878 rnre

391 2928 448 3029 gis
474 2955 550 3004 rem
575 2927 707 3017 exitus,
747 2955 858 3028 quarn
884 2930 1002 3019 dubii,
1037 2930 1180 3030 quietae
1214 2946 1368 3004 externae

392 3075 446 3125 res
462 3048 639 3125 Romanis
655 3051 783 3138 effent;
812 3049 906 3126 fama
921 3077 1044 3150 repens
1065 3050 1149 3126 belli
1165 3047 1295 3127 Gallici
1310 3043 1366 3118 ed·

390 3171 473 3260 lata,
502 3169 657 3270 perpulit
688 3169 882 3260 civitatem,
912 3192 955 3246 ut
988 3173 1046 3245 M.
1070 3171 1201 3246 Furius
1227 3167 1369 3245 dictator

391 3290 562 3390 quintum
591 3289 779 3366 diceretur.
835 3293 868 3368 Is
894 3293 941 3366 T.
968 3289 1185 3393 Qtinctium
1209 3293 1366 3366 Pennum

390 3409 598 3508 magistrum
625 3410 790 3509 equitum
812 3411 915 3486 dixit.
966 3413 1138 3486 Bellatum
1159 3435 1245 3488 tum
1260 3401 1365 3482 Gallis

391 3555 435 3604 eo
452 3554 546 3604 anno
565 3528 659 3605 circa
674 3529 856 3606 Anienem
873 3533 1023 3620 flumen,
1050 3533 1172 3606 auctor
1187 3531 1238 3607 est
1264 3527 1364 3602 Clau·

390 3646 506 3736 dius3
550 3647 785 3749 inclitamque
817 3649 855 3725 in
886 3673 995 3750 ponte
1025 3678 1197 3752 pugnam,
1227 3675 1297 3750 qua
1320 3643 1363 3718 T.

391 3767 554 3845 Manlius
585 3771 746 3860 Gallum,
783 3795 869 3856 oum
902 3797 976 3871 quo
1007 3795 1217 3872 provocatus
1246 3779 1363 3846 manus

389 3889 578 3979 conseruit,
612 3889 651 3965 in
665 3889 854 3990 conspeetu
882 3893 1039 3968 duorum
1052 3893 1273 3970 exercituum
1292 3911 1362 3962 cae·

388 4013 466 4088 sum
494 4034 620 4112 torque
637 4010 811 4110 spoliavit,
844 4033 923 4088 tum
946 4035 1152 4115 pugnatam.
1202 4008 1360 4089 Pluribus

388 4133 592 4210 auctoribus
621 4131 735 4233 magis
758 4134 931 4225 adducor,
974 4156 1016 4210 ut
1044 4136 1200 4224 credam,
1242 4121 1359 4214 deceni
