3067 5342
497 689 534 764 L
560 629 580 762 ι’
604 714 625 762 n
654 713 677 762 ε
705 709 728 763 n
781 689 861 763 VII.
1091 717 1161 792 239

178 873 206 911 “
225 887 332 966 opem
356 865 519 956 mleritis,
559 865 622 967 ipfi
654 865 787 949 nullius
820 865 956 941 auxilio
986 867 1164 966 egueritis.

176 996 205 1031 “
224 991 321 1063 Cum
344 1014 388 1062 eo
404 987 503 1062 hoste
520 1013 572 1062 res
587 988 650 1076 est,
681 989 747 1088 qui
763 987 924 1064 hesterno
942 987 1002 1063 die
1020 989 1163 1062 delendi

175 1117 204 1151 “
223 1105 341 1182 omnis
357 1107 531 1182 exercitus
547 1108 690 1182 fortuna
704 1133 768 1204 per
777 1107 974 1182 socordiam
992 1106 1075 1182 usus
1090 1134 1163 1182 non

175 1236 205 1270 “
223 1230 263 1301 fit
273 1260 286 1315 3
314 1230 411 1303 hunc
428 1249 502 1302 tam
519 1249 762 1326 opportunum
781 1231 909 1302 collem
927 1225 1164 1302 inminentem

176 1357 204 1390 ‘⁸
222 1346 330 1445 capiti
365 1345 428 1421 suo
460 1373 533 1422 non
565 1370 645 1424 ante
671 1347 813 1435 viderit,
844 1373 955 1446 quam
978 1368 1166 1447 captuma

176 1477 204 1510 “
223 1467 346 1554 nobis3
374 1493 439 1541 nos
455 1490 528 1542 tam
553 1493 685 1564 paucos
704 1488 757 1542 tot
780 1465 841 1565 ipsr
864 1466 1023 1542 millibus
1048 1469 1164 1558 horni-

177 1599 314 1662 “num
340 1613 407 1662 nec
431 1587 598 1662 adscensu
625 1587 823 1675 arcuerim,
851 1614 917 1663 nec
935 1608 1093 1662 tenentes
1110 1591 1161 1662 lo-

177 1719 203 1753 “
220 1735 320 1797 cum,
354 1733 471 1807 quum
493 1707 567 1782 diei
593 1729 734 1782 tantum
761 1706 958 1807 superesset,
981 1710 1075 1782 vallo
1097 1709 1164 1784 cir-

176 1839 203 1873 “
221 1828 483 1904 cumdederint.
532 1833 654 1930 Qrem
680 1828 862 1904 videntem
888 1855 929 1903 ac
952 1827 1163 1930 vigilentem

178 1960 204 1993 “
222 1953 267 2024 stc
290 1948 473 2037 eluseritis,
504 1945 671 2048 sopitum,
703 1969 853 2048 oportet,
874 1948 1017 2036 fallatis3
1049 1947 1163 2024 immo

178 2080 204 2113 “
223 2072 357 2144 necesse
386 2069 447 2144 est.
496 2071 540 2142 In
565 2095 609 2143 eo
625 2070 723 2144 enim
741 2071 823 2145 loco
846 2097 898 2145 res
917 2070 998 2146 sunt
1013 2071 1163 2158 nostrae,

178 2199 205 2234 “
223 2211 266 2263 ut
287 2188 391 2264 vobis
418 2215 487 2288 ego
516 2187 629 2287 magis
651 2190 854 2264 neceffitatis
882 2191 1012 2266 vestrae
1038 2191 1162 2280 index,

177 2319 204 2353 “
223 2333 334 2407 quarn
357 2307 490 2383 consilii
512 2311 647 2396 audior,
676 2313 750 2384 fim.
800 2310 932 2409 Neque
951 2309 1061 2398 enim,
1088 2337 1164 2386 ma-

179 2439 205 2473 “
224 2427 349 2516 neatis,
365 2454 411 2502 an
427 2429 557 2503 abeatis
573 2427 671 2516 hinc,
686 2429 869 2504 deliberari
885 2431 1017 2528 potest;
1035 2457 1164 2530 quum,

178 2559 204 2593 “
222 2569 358 2647 praeter
373 2573 469 2622 arma
494 2553 527 2622 δι
548 2547 685 2622 animos
702 2574 882 2623 armorum
895 2576 1081 2639 memores,
1108 2551 1164 2626 ni·

179 2680 205 2713 “
223 2667 276 2743 hil
291 2668 394 2744 vobis
407 2667 549 2743 fortuna
564 2668 692 2768 reliqui
708 2667 842 2760 fecerit,
869 2668 1083 2768 fameque&
1111 2671 1162 2744 siti

180 2770 206 2834 ‘²
223 2789 454 2865 moriendum
471 2793 561 2877 srt,s1
578 2791 670 2888 plus,
688 2815 798 2888 quarn
814 2787 961 2863 virosae
979 2791 1164 2866 Romanos

179 2920 205 2955 “
223 2912 340 2998 decet,
364 2908 496 3010 sermm
528 2908 727 2983 timeamus.
779 2912 875 3008 Ergo
900 2935 972 2983 una
997 2911 1047 2984 est
1074 2909 1163 2986 salus

180 3041 205 3073 “
223 3055 408 3128 erumpere
425 3028 509 3104 hinc
524 3051 630 3128 atque
647 3028 754 3103 abire.
804 3031 848 3102 Id
861 3049 922 3103 aut
936 3030 1089 3106 interdiu
1103 3055 1165 3106 aut

180 3161 206 3195 “
224 3153 330 3225 node
357 3149 541 3238 faciamus,
574 3170 723 3246 oportet.
788 3152 883 3224 Ecce
912 3171 1032 3225 autern
1064 3151 1165 3227 aliud

180 3271 345 3345 “minus
375 3269 543 3344 dubium.
603 3269 748 3370 Quippe
783 3272 807 3366 st
839 3273 901 3344 lux
930 3269 1163 3368 exspesietur,

180 3401 316 3489 “quae
342 3388 418 3489 spes
441 3390 504 3479 est,
532 3416 605 3463 non
626 3391 719 3463 vallo
740 3413 911 3488 perpetuo
927 3388 1083 3491 fossaque
1100 3421 1165 3469 nos

179 3522 205 3556 ‘⁸
223 3509 406 3609 septurum
419 3510 579 3583 hostem?
593 3509 658 3607 qui
676 3537 772 3585 nunc
788 3509 993 3610 corporibus
1004 3512 1073 3588 suis
1084 3513 1164 3590 sub-

180 3641 205 3675 “
217 3629 321 3728 jedis
353 3629 517 3729 undique
549 3629 712 3718 cinxerit,
756 3651 799 3704 ut
829 3630 972 3721 videtis,
1023 3637 1163 3711 collem.

179 3761 206 3795 “
225 3748 356 3850 Atqui,
374 3753 397 3824 fi
414 3776 488 3824 nox
503 3771 703 3848 opportuna
719 3749 768 3824 est
784 3751 974 3849 eruptioni,
998 3756 1085 3827 ficut
1101 3755 1163 3844 est,

180 3882 207 3916 “
224 3875 312 3948 haec
338 3870 497 3970 profedo
523 3871 636 3946 nodis
651 3869 821 3969 aptiffima
838 3875 924 3946 hora
945 3872 1004 3946 est.
1054 3873 1165 3973 Signo

180 4003 207 4036 “
225 3990 399 4067 secundae
409 3990 551 4091 vigiliae
561 3990 785 4084 convenistis,
804 3994 903 4089 quod
914 4013 1052 4092 tempus
1070 4021 1163 4071 mor-

181 4121 207 4156 “
226 4115 312 4189 tales
326 4111 452 4189 somno
463 4111 624 4190 altissimo
638 4111 780 4213 premit.
831 4115 898 4188 Per
914 4137 1059 4213 corpora
1074 4113 1163 4214 sopi-
