3067 5342
411 716 480 790 180
740 711 1053 792 T.«Lrvtr

410 881 511 957 annis
528 909 573 957 ex
590 883 692 982 plebe
710 887 845 973 fierent,
863 905 1088 962 conveneratt
1108 877 1225 978 postea
1240 861 1371 974 promis·

410 1027 522 1076 cuum
535 1001 615 1077 suit.
665 1007 766 1092 lnde,
782 1007 828 1080 L.
845 1005 1059 1080 Genucio&
1076 996 1286 1102 QServilio
1297 1017 1370 1069 con·

410 1121 557 1211 sulibus,
575 1128 609 1197 δι
623 1127 669 1198 ab
682 1123 851 1199 seditione
869 1130 903 1199 δι
921 1151 942 1198 a
957 1125 1051 1200 bello
1065 1118 1198 1220 quietis
1210 1119 1320 1201 rebus,
1333 1137 1370 1186 ne

412 1244 557 1338 quando
578 1269 599 1316 a
624 1265 721 1318 metu
748 1271 789 1318 ac
806 1244 971 1343 periculis
990 1261 1167 1327 vacarent,
1195 1230 1374 1335 pestilentia

412 1360 538 1462 ingens
562 1383 648 1438 orta
707 1363 910 1452 Censorem,
937 1363 1089 1438 aedilem
1114 1358 1287 1440 curulem,
1317 1373 1376 1423 tres

412 1481 573 1558 tribunos
588 1481 700 1581 plebis
713 1505 872 1558 mortuos
888 1483 1018 1570 serunt,
1032 1507 1098 1580 pro
1116 1475 1276 1576 portione
1293 1475 1376 1544 &ex

415 1602 644 1678 multitudine
666 1601 734 1677 alia
760 1606 873 1677 multa
896 1602 1019 1677 funera
1047 1599 1161 1674 fuisse.
1213 1590 1378 1670 Maxime·

415 1747 487 1820 que
503 1749 581 1797 eam
598 1721 831 1820 pestilentiam
850 1721 1019 1821 insignem
1037 1746 1132 1794 mors
1150 1740 1260 1816 quarn
1276 1729 1377 1786 matu·

418 1868 467 1928 ra,
485 1861 558 1915 tam
574 1844 711 1929 acerba,
733 1844 792 1915 M.
807 1841 906 1915 Furii
933 1841 1028 1915 fecit.
1079 1839 1168 1913 Fuit
1194 1833 1290 1910 enim
1312 1853 1381 1904 vere

415 1961 469 2034 vir
479 1959 606 2035 unicus
617 1958 763 2035 inomni
777 1959 933 2034 fortuna:
947 1959 1112 2058 princeps
1126 1983 1215 2056 pace
1227 1953 1380 2045 belloque

417 2080 528 2179 prius,
556 2106 665 2179 quarn
682 2078 878 2154 exsulatum
895 2079 960 2153 iret
966 2113 978 2166 3
1006 2077 1132 2153 clarior
1149 2075 1187 2150 in
1204 2069 1320 2148 exsilio
1333 2065 1382 2139 vel

416 2199 586 2273 desiderio
608 2198 772 2287 civitatis,
802 2225 892 2298 quae
918 2220 1019 2297 capta
1038 2196 1192 2273 absentis
1209 2183 1383 2292 inploravit

415 2344 536 2416 opem,
552 2319 607 2390 vel
624 2317 804 2405 felicitate,
834 2343 906 2416 qua
923 2318 1100 2394 restitutus
1123 2317 1161 2392 in
1181 2312 1324 2415 patriam
1340 2305 1357 2380 s
1370 2349 1381 2364 ·

416 2461 503 2510 cum
533 2436 678 2534 patriam
704 2435 813 2534 ipsam
846 2437 1005 2512 restituit.
1070 2441 1138 2513 Par
1169 2433 1299 2512 deinde
1328 2449 1383 2529 per

417 2554 579 2655 quinque
599 2561 633 2630 δι
660 2555 789 2656 viginti
816 2581 924 2630 annos
951 2561 1019 2654 (tot
1036 2555 1133 2630 enim
1152 2555 1272 2656 postea
1287 2544 1381 2636 vixit)

416 2675 520 2750 titulo
534 2696 647 2750 tantae
663 2674 793 2774 gloriae
804 2675 884 2764 fuit,
898 2675 1098 2776 dignusque
1116 2676 1273 2760 habitus,
1287 2689 1383 2768 quem

418 2794 615 2871 secundum
632 2822 653 2868 a
672 2796 834 2870 Romulo
856 2796 1078 2870 conditorem
1094 2797 1195 2871 urbis
1211 2797 1383 2868 Romanae

417 2912 556 2989 ferrent.

468 3036 515 3107 ll.
555 3037 603 3108 Et
635 3035 704 3108 hoc
738 3038 773 3108 δι
807 3031 1003 3131 insequenti
1035 3059 1143 3120 anno,
1175 3035 1218 3108 C.
1236 3025 1383 3127 Sulpicio

419 3153 556 3240 Petico,
573 3154 616 3226 C.
634 3151 780 3226 Licinio
794 3153 950 3240 Stolone,
968 3151 1186 3241 consulibus,
1201 3143 1385 3251 pestilentia

420 3270 501 3346 fuit.
533 3275 588 3345 Eo
605 3271 695 3344 nihil
712 3270 865 3370 dignum
879 3270 1051 3344 memoria
1066 3273 1202 3360 achim,
1220 3270 1281 3344 nisi
1294 3263 1385 3364 quod

419 3391 515 3488 pacis
539 3393 660 3466 Deum
686 3390 925 3488 exposcendae
952 3391 1066 3464 cauffa
1087 3388 1192 3466 tertio
1213 3413 1292 3465 tum
1316 3382 1385 3484 post

419 3509 602 3583 conditam
618 3513 745 3584 urbem
754 3509 1005 3587 lectisternium
1023 3509 1102 3585 suit.
1153 3515 1204 3587 Et
1216 3533 1328 3610 quum
1340 3501 1387 3577 vis

421 3625 539 3703 morbi
557 3653 622 3702 nec
638 3627 804 3702 humanis
820 3628 970 3704 consiliis
986 3657 1052 3704 nec
1075 3656 1142 3728 ope
1163 3631 1285 3707 divina
1304 3629 1385 3700 leva·

425 3770 532 3837 retur,
560 3747 663 3822 victis
695 3747 935 3845 superstitione
966 3747 1107 3838 animis,
1140 3751 1219 3825 ludi
1252 3765 1386 3848 quoque

424 3868 566 3956 scenici,
578 3893 668 3942 nova
677 3893 730 3942 res
741 3865 906 3943 bellicoso
919 3871 1067 3967 populo,
1084 3875 1181 3967 (nam
1193 3868 1277 3947 circi
1286 3861 1387 3941 modo

425 3989 663 4087 spectaculum
678 3985 807 4082 fuerat)
829 3986 920 4062 inter
935 3988 1003 4061 alia
1019 3989 1174 4064 coelestis
1196 3991 1266 4066 irae
1282 3988 1386 4086 placa-

424 4107 522 4183 mina
542 4105 693 4182 instituti
715 4107 895 4183 dicuntur.
945 4111 1113 4185 Ceterum
1134 4137 1238 4211 parva
1253 4123 1388 4208 quoque
