3067 5342
520 720 873 794 LrarttIX.
1123 746 1194 819 413

212 896 261 968 ob
278 917 330 967 res
343 913 417 966 tarn
434 889 583 966 feliciter
599 892 722 991 gestas,
739 894 828 966 ficut
843 888 958 989 priore
975 914 1069 967 anno
1081 915 1197 991 popu-

212 1016 268 1088 lus
284 1011 550 1088 continuaverat
578 1009 814 1099 consulatum,
845 1010 894 1086 ita
916 1009 1053 1086 senatus
1079 1011 1118 1086 in
1143 1010 1196 1086 in·

213 1131 420 1232 sequentem
436 1157 585 1220 annum,
602 1157 678 1231 quo
691 1137 764 1231 Ap.
782 1129 969 1218 Claudius,
983 1133 1029 1206 L.
1048 1132 1198 1208 Volum-

213 1252 295 1328 nius
311 1250 471 1327 consules
483 1252 642 1340 suerunt,
663 1249 878 1351 prorogavit,
905 1248 1062 1324 maxime
1077 1251 1199 1351 Appio

212 1372 427 1462 adversante,
455 1370 659 1469 imperium.
709 1369 874 1471 Appium
887 1368 1067 1446 censorem
1080 1370 1199 1469 petisse

213 1493 449 1581 consulatum,
481 1490 699 1590 comitiaque
716 1492 790 1588 ejus
803 1495 848 1566 ab
862 1493 908 1566 L.
926 1489 1037 1566 Furio
1054 1489 1199 1566 tribuno

213 1611 328 1712 plebis
343 1612 574 1712 interpellata,
591 1614 707 1687 donec
721 1610 754 1687 se
777 1611 921 1686 censura
936 1610 1128 1702 abdicavit,
1161 1611 1199 1688 in

212 1731 429 1832 quibusdam
461 1731 648 1807 annalibus
670 1730 825 1806 invenio.
888 1735 1035 1808 Creatus
1064 1731 1200 1821 consul,

215 1879 332 1953 quum
352 1853 511 1951 collegae
534 1876 670 1926 novum
696 1854 846 1943 bellum,
873 1851 1056 1928 Sallentini
1085 1852 1201 1928 hostes

214 1975 499 2062 decemerentur‚
530 1974 670 2048 Romae
684 1977 819 2062 mansit,
850 1993 893 2048 ut
908 1971 1053 2050 urbanis
1069 1972 1202 2052 artibus

214 2120 301 2192 opes
313 2113 471 2192 augeret,
495 2095 642 2191 quando
659 2093 743 2168 belli
759 2096 869 2168 decus
885 2120 993 2193 penes
1008 2093 1095 2168 alios
1107 2096 1201 2174 esset.

216 2212 456 2288 Volumnium
488 2212 693 2309 provinciae
718 2215 817 2288 haud
837 2212 1027 2312 poenituit.
1082 2215 1205 2290 Multa

216 2331 371 2407 secunda
395 2332 528 2431 proelia
546 2329 653 2407 fecit:
681 2330 819 2431 aliquot
846 2336 951 2408 urbes
980 2333 1137 2410 hostium
1166 2334 1202 2409 vi

214 2451 322 2552 cepit.
372 2455 525 2528 Praedae
542 2473 616 2527 erat
630 2451 787 2552 largitor,
818 2457 853 2526 a
869 2452 1125 2553 benignitatem
1141 2479 1204 2554 per

215 2571 250 2648 se
264 2593 399 2673 gratam
416 2572 585 2649 comitate
600 2575 812 2671 adjuvabat3
830 2572 1054 2673 militemque
1068 2575 1110 2650 iis
1123 2573 1203 2650 arti-

215 2695 284 2768 bus
299 2692 475 2769 fecerat&
492 2693 641 2793 periculi
659 2697 694 2769 a
712 2694 841 2770 laboris
862 2695 1022 2770 avidum.
1071 2697 1203 2797 QFa-

214 2812 298 2889 bius
323 2813 511 2913 proconsul
534 2815 581 2890 ad
601 2817 731 2890 urbem
748 2814 875 2890 Allifas
888 2842 974 2892 curn
990 2814 1204 2894 Satnnitium

215 2933 375 3009 exercitu
392 2933 497 3034 signis
514 2933 663 3010 conlatis
684 2933 858 3035 confligit.
909 2934 1068 3011 Minime
1090 2934 1204 3012 ambi·

218 3079 290 3154 gua
313 3081 368 3129 res
384 3054 464 3129 suit.
513 3057 596 3130 Fufi
622 3055 750 3144 hostes,
776 3076 884 3154 atque
906 3054 944 3129 in
970 3055 1079 3131 castra
1106 3081 1204 3130 com-

217 3177 316 3273 pulsi.
366 3177 448 3250 Nec
465 3173 574 3249 castra
585 3173 701 3251 forent
716 3194 862 3264 retenta,
886 3176 925 3250 ni
951 3175 1125 3275 exiguum
1150 3174 1204 3248 su-

216 3295 396 3394 perfuisset
416 3293 510 3370 diei:
538 3314 619 3370 ante
644 3297 786 3370 nostem
812 3317 931 3370 tamen
950 3294 1031 3374 sunt
1052 3293 1204 3370 circum-

218 3414 311 3505 sessa,
352 3417 387 3489 a
420 3419 524 3490 noete
553 3415 742 3506 custodita,
780 3443 825 3491 ne
848 3414 929 3515 quis
962 3414 1053 3491 elabi
1082 3417 1204 3513 posset.

218 3537 362 3612 Postero
375 3534 449 3628 die,
465 3535 619 3611 vixdum
634 3539 715 3612 luce
729 3557 836 3624 certa,
857 3535 995 3614 deditio
1012 3536 1084 3611 sieri
1100 3561 1204 3634 coep·

216 3675 273 3730 ta:
292 3661 326 3731 δι
343 3657 451 3754 pacti,
469 3656 535 3757 qui
552 3656 765 3733 Samnitium
782 3655 910 3745 sorent,
930 3679 972 3732 ut
988 3681 1072 3731 cum
1091 3660 1205 3754 singu-

218 3781 261 3856 lis
286 3776 503 3854 vestimentis
527 3778 782 3853 emitterentur.
818 3777 888 3854 ·Hi
916 3803 1040 3853 omnes
1068 3775 1133 3851 sub
1146 3777 1205 3873 ju·
1305 3792 1307 3802 '

219 3929 308 4002 gum
325 3900 426 3975 miffi.
475 3898 589 3974 Sociis
604 3897 818 3974 Samnitium
835 3897 926 3972 nihil
942 3919 1099 3972 cautum.
1143 3899 1206 3972 Ad

219 4023 352 4121 septem
369 4019 482 4096 millia
495 4019 561 4094 sub
577 4045 708 4095 corona
728 4017 881 4094 veniere.
928 4018 1005 4121 Qri
1028 4017 1061 4094 se
1088 4018 1205 4094 civem

219 4143 425 4218 Hernicum
440 4140 590 4228 dixerat,
617 4137 770 4214 seorsum
800 4137 838 4212 in
864 4139 1024 4216 custodia
1053 4139 1205 4218 habitus.
