3067 5342
374 641 448 714 206
692 640 1013 714 T.L1v11

376 838 475 901 cum,
493 817 542 902 ἀ,
559 810 875 912 Tarquiniensibus
893 811 1104 914 Faliscisque
1118 809 1288 899 ducibus,
1311 812 1358 884 ad

376 930 509 1009 sulm
525 932 748 1032 perveniunt.
798 933 977 1010 Adversus
994 959 1080 1010 eum
1096 954 1261 1008 terrorem
1278 931 1357 1006 dic·

375 1075 468 1130 tator
481 1055 526 1128 C.
543 1053 705 1129 Marcius
720 1051 870 1129 Rutilus
886 1055 1022 1154 primus
1039 1055 1085 1129 de
1106 1055 1209 1152 plebe
1226 1050 1359 1140 ditus,

376 1173 585 1275 magistrum
609 1174 775 1275 equiturn
802 1174 888 1250 item
913 1175 959 1250 de
986 1177 1090 1274 plebe
1114 1175 1159 1248 C.
1173 1170 1358 1248 Plautium

376 1295 481 1372 dixit.
530 1297 575 1372 Id
595 1321 680 1371 vero
696 1295 860 1372 Patribus
879 1293 1072 1396 indignum
1094 1291 1221 1382 videri,
1249 1293 1359 1368 etiam

376 1415 589 1492 didaturam
606 1416 741 1514 jamin
760 1414 961 1516 promiscuo
983 1417 1071 1490 esse:
1099 1413 1272 1512 omnique
1289 1438 1360 1511 ope
1503 1423 1504 1430 ’

377 1534 621 1637 inpediebant,
648 1562 693 1611 ne
715 1536 807 1636 quid
829 1535 992 1612 dictatori
1010 1537 1056 1610 ad
1079 1533 1118 1610 id
1140 1536 1277 1610 bellum
1296 1535 1360 1608 de·
1503 1579 1504 1604 r

377 1679 589 1745 cerneretur,
630 1677 861 1756 pararemrve.
925 1659 981 1731 Eo
1006 1654 1181 1754 promtius
1214 1658 1359 1742 cuneta,
1503 1703 1504 1734 ι

377 1777 509 1854 serente
523 1777 705 1866 dimtore,
721 1779 876 1877 populus
886 1775 993 1874 juffit.
1042 1774 1226 1851 Professus
1243 1777 1359 1850 abur-

376 1903 437 1987 be,
462 1919 612 1997 utraque
628 1918 724 1999 parte
741 1895 897 1985 Tiberis,
924 1894 1056 1974 ratibus
1070 1895 1242 1983 exercitu,
1267 1921 1360 1995 quo·
1503 1881 1504 1962 l

377 2044 535 2118 cumque
557 2017 653 2092 sama
670 2016 827 2092 bostium
844 2018 1011 2106 ducebat,
1041 2017 1197 2114 trajeeio,
1227 2016 1361 2090 multos

372 2142 601 2240 ,populatores
643 2161 809 2237 agrorum
846 2163 953 2238 vagos
991 2137 1145 2236 palantes
1186 2137 1361 2236 obpreffit.

379 2258 678 2355 Callraquoque,
697 2256 910 2356 necopinato
925 2257 1116 2357 adgressus,
1140 2256 1248 2357 cepit.
1299 2259 1360 2344 Et,

377 2379 461 2453 octo
483 2373 644 2451 millibus
671 2375 829 2452 hostium
851 2377 975 2476 captis,
1005 2377 1134 2466 ceteris
1153 2397 1215 2452 aut
1242 2380 1358 2466 caelis,

378 2517 442 2574 aut
462 2523 509 2572 ex
524 2521 611 2596 agro
633 2497 802 2571 Romano
818 2495 961 2596 sugatis,
985 2499 1054 2571 fine
1067 2495 1273 2573 sudoritate
1296 2500 1361 2572 Pa·

378 2639 488 2707 oum,
514 2616 640 2718 populi
656 2617 766 2715 jussu,
795 2615 1037 2716 triumphavit.
1086 2617 1185 2719 Qtia
1210 2642 1275 2692 nec
1299 2642 1359 2716 per

379 2738 590 2814 didatorem
612 2738 806 2836 plebejum,
830 2763 896 2835 nec
913 2764 976 2837 per
993 2737 1189 2828 consulem,
1215 2736 1361 2812 comitia

376 2857 573 2935 consularia
588 2857 709 2934 haberi
724 2859 903 2955 volebant,
931 2863 965 2932 δι
982 2862 1067 2934 alter
1083 2857 1206 2934 consul
1226 2857 1359 2934 Fabius

379 2980 475 3056 bello
492 2978 720 3066 retinebatur,
750 3001 803 3054 res
821 2979 868 3052 ad
890 2978 1131 3079 interregnum
1148 2976 1251 3053 redit.
1301 2979 1359 3052 In·

377 3119 528 3200 terreges
546 3099 712 3198 deinceps
731 3097 962 3201 QServilius
979 3101 1107 3188 Ahala,
1137 3100 1195 3173 M.
1214 3098 1360 3191 Fabius,

378 3222 450 3296 Cn.
466 3222 641 3307 Manlius,
668 3220 712 3294 C.
727 3217 872 3308 Fabius,
900 3221 943 3295 C.
957 3219 1148 3318 Sulpicius,
1172 3221 1219 3294 L.
1235 3218 1360 3293 Aemi·

380 3339 461 3428 lius,
491 3337 737 3440 QServilius,
767 3342 825 3414 M.
842 3339 974 3415 Fabius
991 3341 1200 3415 Ambustus.
1250 3340 1293 3413 In
1310 3338 1360 3413 se-

380 3459 505 3535 cundo
531 3457 732 3557 interregno
754 3479 829 3533 orta
854 3459 1037 3535 contentio
1064 3461 1127 3550 est,
1153 3461 1255 3560 quod
1285 3461 1361 3534 duo

378 3575 518 3680 patricii
544 3575 704 3652 consules
733 3582 956 3655 creabantur:
991 3579 1360 3683 intercedentibusque

379 3696 546 3787 tribunis,
572 3696 726 3772 interrex
748 3697 881 3774 Fabius
904 3701 1030 3797 ajebat,
1065 3713 1091 3746 ‘⁸
1109 3701 1147 3778 in
1165 3701 1359 3778 duodecim

381 3829 408 3866 “
425 3818 556 3896 tabulis
567 3821 684 3918 legem
701 3819 782 3907 effe,
795 3840 850 3908 ut,
864 3822 1125 3920 quodcumque
1141 3825 1358 3920 postremum

380 3950 407 3988 ‘⁴
424 3941 578 4040 populus
589 3939 747 4036 juffiffet,
770 3937 809 4014 id
819 3941 878 4038 jus
893 3963 1081 4042 ratumque
1096 3944 1201 4034 effer,
1224 3945 1356 4043 jussum

384 4071 410 4108 ‘⁸
427 4057 554 4161 populi
577 4063 613 4135 lle
630 4057 793 4161 suffragia
811 4063 913 4138 esse.’'
960 4067 1090 4165 Qrum
1106 4063 1357 4143 intercedendo
