3067 5342
445 646 541 762 'Lt
570 710 592 760 a
619 709 643 760 a
669 708 695 758 n
744 683 826 760 v11.
1073 709 1142 784 203

155 863 300 940 'Fabius
324 863 460 964 collega
476 865 550 962 ejus
565 861 707 940 incaute
729 883 837 964 atque
861 861 1059 938 inconsulte
1082 864 1144 938 ad-

164 983 285 1062 versus
309 983 582 1084 Tarquinienses
604 983 795 1086 pugnavit:
830 1009 897 1058 nec
922 981 961 1056 in
977 981 1053 1058 acie
1070 1002 1146 1057 tan·

164 1126 247 1180 tum
275 1103 327 1182 ibi
351 1104 461 1180 cladis
485 1127 688 1204 acceptum,
718 1129 829 1204 quam
854 1103 956 1203 quod
973 1123 1148 1178 trecentos

164 1223 301 1324 septem
338 1223 470 1302 milites
499 1229 686 1302 Romanos
721 1246 844 1324 captos
874 1222 1150 1323 Tarquinienses

167 1343 397 1422 inmolarunt.
459 1350 558 1447 Qa·
575 1344 743 1421 foeditate
760 1342 938 1444 supplicii
967 1343 1151 1446 aliquanto

167 1463 370 1566 ignominia
394 1464 521 1566 populi
544 1465 703 1542 Romani
730 1463 927 1565 infignitior
945 1463 1026 1541 fuit.
1077 1471 1151 1542 Ac·

168 1589 265 1662 ceffit
295 1589 344 1661 ad
369 1611 448 1661 earn
478 1587 617 1662 cladem
649 1590 684 1661 δι
709 1583 855 1660 vastatio
881 1584 1040 1663 Romani
1062 1585 1152 1686 agri,

169 1733 282 1808 quarn
309 1687 542 1796 Privernates,
571 1704 741 1782 Veliterni
775 1704 921 1794 deinde,
955 1702 1153 1781 incursione

171 1827 355 1926 repentina
384 1826 555 1902 fecerunt.
605 1829 746 1902 Eodem
779 1851 874 1900 anno
903 1825 996 1907 duae
1027 1824 1153 1914 tribus,

172 1946 367 2046 Pomptina
396 1953 431 2022 te
464 1945 633 2036 Publilia,
681 1945 834 2022 additae.
896 1944 998 2021 Ludi
1027 1945 1154 2035 votivi,

172 2093 267 2169 quos
296 2070 354 2142 M.
386 2066 516 2142 Furius
547 2065 698 2141 dictator
722 2086 878 2154 voverat,
903 2063 1011 2140 fastis
1051 2069 1087 2140 dt
1110 2068 1157 2141 de

173 2187 314 2264 ambitu
340 2191 387 2264 ab
399 2190 442 2263 C.
460 2185 620 2263 Poetelio
635 2185 780 2262 tribuno
793 2183 921 2284 plebis,
953 2183 1158 2262 austoribus

174 2307 353 2396 Patribus,
380 2325 461 2382 tum
491 2305 650 2406 primum
674 2307 722 2380 ad
747 2307 927 2405 populum
948 2308 1064 2381 latum
1089 2307 1157 2382 est=
1275 2307 1278 2314 '

175 2453 290 2528 eaque
302 2426 486 2528 rogatione
508 2452 683 2502 novorum
699 2426 857 2502 maxime
877 2425 1069 2502 hominum
1085 2453 1160 2502 am·

174 2547 366 2637 bitionem,
390 2546 455 2646 qui
485 2546 714 2622 nundinas&
732 2545 971 2623 conciliabula
988 2546 1088 2622 obite
1108 2546 1160 2622 so-

176 2667 232 2743 liti
245 2689 357 2756 erant,
385 2669 614 2768 compressam
624 2668 826 2742 credebant.

232 2791 336 2865 XVI.
370 2790 486 2863 Haud
515 2812 629 2887 aeque
661 2789 752 2862 laeta
773 2785 936 2862 Patribus
960 2784 1159 2887 insequenti

178 2933 289 2997 anno,
319 2909 363 2983 C.
397 2907 553 2998 Marcio,
592 2910 661 2984 Cn.
695 2905 840 2982 Manlio
872 2904 1090 2996 consulibus,
1115 2909 1162 2982 de

180 3027 344 3104 unciario
358 3025 504 3104 foenore
524 3054 546 3103 a
567 3029 625 3104 M.
641 3026 782 3117 Duilio,
808 3031 855 3102 L.
873 3025 1025 3102 Maenio
1050 3025 1161 3103 tribu-

180 3147 237 3224 nis
263 3147 379 3246 plebis
400 3148 538 3250 rogatio
557 3148 607 3223 est
627 3150 773 3248 perlata:
802 3154 836 3223 δι
859 3149 960 3247 plebs
979 3147 1162 3248 aliquanto

181 3295 262 3344 eam
282 3267 451 3366 cupidius
476 3266 579 3343 scivit
603 3268 823 3369 accepitque.
874 3271 936 3345 Ad
951 3270 1044 3345 bella
1060 3294 1164 3357 nova,

180 3388 300 3488 priore
321 3415 416 3463 anno
430 3387 615 3477 destinata,
643 3388 770 3464 Falisci
796 3413 943 3490 quoque
969 3388 1084 3464 hostes
1103 3413 1164 3464 ex·

180 3510 266 3598 orti,
300 3507 440 3609 duplici
456 3509 622 3585 crimine:
653 3511 755 3608 quod
772 3513 806 3584 δι
824 3537 909 3585 cum
925 3509 1164 3608 Tarquinien-

182 3633 278 3708 sibus
287 3631 458 3728 juventus
470 3656 595 3707 eorum
610 3629 837 3718 militaverat3
866 3633 901 3704 δε
917 3655 991 3718 eos,
1017 3628 1082 3729 qui
1100 3631 1166 3705 Fa·

183 3750 290 3828 lerios
318 3751 558 3852 perfugerant,
601 3775 718 3852 quum
746 3753 839 3826 male
872 3771 1073 3850 pugnatum
1103 3753 1165 3840 cll,

185 3873 428 3972 repetentibus
444 3871 629 3949 socialibus
641 3869 817 3948 Romanis
838 3895 912 3944 non
929 3869 1167 3948 reddiderant.

188 3994 243 4071 Ea
257 3991 443 4092 provincia
458 3995 527 4069 Cn.
541 3991 684 4068 Manlio
699 3990 863 4068 obvenit:
892 3989 1055 4066 Marcius
1071 4017 1169 4067 exer-

190 4111 303 4190 citum
319 4111 358 4188 in
371 4139 499 4213 agrum
518 4113 771 4203 Privernatem,
801 4110 981 4212 integrum
992 4135 1079 4211 pace
1092 4114 1169 4187 lon·
