3067 5342
385 675 455 770 278
700 669 1014 743 T.L1v11

392 855 418 890 ‘⁶
436 843 583 932 travisse,
610 843 847 944 victoriaeque
864 871 996 920 nomen
1012 863 1152 918 tannim
1169 867 1276 942 penes
1292 843 1367 914 Ro-

392 975 418 1010 “
436 989 558 1038 manos
574 965 654 1052 effe,
685 985 835 1038 ceteram
851 991 916 1064 pro
929 963 1031 1039 vidis
1046 962 1225 1037 fortunam
1241 965 1277 1034 ὅτ
1293 959 1368 1034 illos

392 1095 418 1128 “
437 1109 571 1184 gerere:
602 1083 738 1157 funesta
760 1085 835 1157 duo
862 1083 1047 1158 consulum
1073 1079 1257 1180 praetoria,
1287 1081 1367 1154 alte·

394 1213 518 1278 “rum
548 1201 737 1300 parricidio
767 1203 845 1291 filii,
888 1205 1037 1277 alterum
1066 1200 1220 1276 consulis
1252 1200 1368 1274 devoti

395 1333 420 1370 “
439 1324 546 1398 caede
553 1355 565 1410 3
598 1321 815 1396 trucidatum
841 1323 1036 1396 exercitum
1058 1346 1223 1407 omnem3
1257 1319 1369 1394 caesos

394 1453 420 1486 “
438 1441 587 1516 hastatos
603 1441 869 1540 principesque3
896 1442 1044 1540 stragem
1070 1445 1103 1515 δι
1126 1462 1207 1515 ante
1226 1443 1322 1540 figna
1336 1444 1370 1514 δι

395 1574 421 1608 “
440 1562 516 1660 post
534 1565 628 1662 figna
647 1561 794 1649 fadlam3
825 1561 958 1636 triarios
984 1561 1161 1660 postremo
1184 1585 1261 1634 rem
1278 1559 1369 1634 resti-

394 1693 420 1726 “
438 1679 549 1756 tuille.
599 1679 813 1756 Latinorum
836 1684 895 1755 etfi
923 1679 1052 1779 pariter
1082 1677 1217 1754 adcisae
1249 1679 1369 1777 copiae

395 1811 420 1846 ‘⁴
440 1804 516 1889 sint,
558 1821 677 1876 tamen
703 1799 947 1898 supplemento
967 1801 1025 1873 vel
1050 1799 1198 1874 Latium
1227 1799 1372 1898 propius

395 1931 421 1964 “
439 1923 519 2008 effe,
549 1923 604 1994 vel
635 1919 792 2008 Volscos,
825 1945 935 2016 quam
961 1921 1130 1993 Romam.
1179 1921 1317 2016 Itaque,
1347 1922 1370 1992 fi

396 2051 421 2086 ‘⁴
440 2037 672 2127 videatureis,
697 2037 743 2128 se,
773 2065 819 2112 ex
835 2037 1023 2111 Latinis&
1047 2065 1092 2112 ex
1110 2037 1245 2112 Volscis
1258 2063 1370 2136 popu-

396 2170 421 2204 “
441 2161 482 2232 lis
495 2161 684 2253 juventute
701 2183 848 2256 propere
862 2157 990 2244 excita,
1023 2156 1222 2232 reditumm
1246 2157 1370 2232 infesto

396 2288 422 2321 “
440 2277 596 2351 exercitu
613 2279 773 2374 Capuam
783 2279 868 2362 effe;
894 2275 1161 2373 Romanosque,
1187 2277 1372 2350 nihilium

396 2405 421 2438 “
439 2395 558 2468 minus
571 2422 680 2493 quam
703 2396 878 2494 proelium
889 2395 1137 2494 exspectantes,
1162 2395 1371 2494 necopinato

394 2525 420 2562 “
438 2517 591 2590 adventu
616 2513 893 2611 perculsurum.''
942 2515 1138 2590 Fallacibus
1156 2514 1264 2590 literis
1280 2515 1373 2590 circa

394 2635 543 2710 Latium
573 2659 777 2732 nomenque
807 2634 976 2708 Volscum
1006 2635 1125 2724 miffis,
1168 2636 1266 2733 quia,
1306 2635 1370 2734 qui

395 2781 469 2828 non
496 2753 723 2828 interfuerant
749 2779 902 2852 pugnae,
928 2755 974 2826 ad
1000 2757 1219 2830 credendum
1243 2776 1373 2828 temere

395 2874 567 2949 faciliores
593 2894 701 2961 erant,
736 2873 988 2947 tumultuarius
1016 2875 1179 2974 undique
1201 2874 1373 2949 exercitus

395 2993 523 3092 raptim
538 2991 753 3090 conscriptus
775 2991 952 3067 convenit.
1002 2993 1105 3068 Huic
1130 2992 1266 3094 agmini
1282 2996 1373 3067 Tor·

397 3133 527 3210 quatus
561 3111 683 3186 consul
723 3113 768 3185 ad
801 3112 993 3186 Trifanum
1041 3113 1149 3209 (inter
1180 3113 1373 3187 Sinueffam

396 3230 670 3330 Minturnasque
712 3231 741 3305 is
782 3234 882 3306 locus
921 3233 986 3326 est)
1022 3233 1190 3307 obcurrit.
1255 3231 1372 3320 Prius,

393 3379 504 3450 quam
517 3351 633 3426 castris
649 3353 747 3426 locus
762 3375 953 3449 caperetur,
976 3351 1116 3428 sarcinis
1132 3353 1314 3452 utrimque
1334 3353 1372 3425 in

394 3496 559 3544 acervum
582 3469 761 3566 conjectis,
791 3494 990 3571 pugnatum
1006 3474 1297 3571 debellatumque
1312 3471 1372 3545 est„

396 3589 503 3664 Adeo
531 3589 628 3663 enim
654 3589 788 3664 adcisae
817 3617 869 3664 res
891 3590 983 3679 lunt,
1012 3612 1054 3664 ut
1083 3592 1233 3680 consuli,
1260 3590 1372 3665 visto-

396 3733 472 3782 rem
489 3706 685 3782 exercitum
705 3711 750 3783 ad
766 3709 1033 3806 depopulandos
1048 3739 1151 3812 agros
1167 3736 1291 3787 eorum
1306 3713 1374 3784 du-

397 3826 506 3915 centi,
536 3828 705 3900 dederent
721 3826 754 3901 se
771 3853 894 3902 omnes
913 3831 1049 3920 Latini,
1080 3831 1374 3929 deditionemque

396 3973 475 4022 eam
504 3946 676 4044 Campani
711 3946 948 4045 sequerentur,
998 3953 1146 4027 Latium
1176 3955 1373 4050 Capuaque

395 4093 479 4167 agro
509 4066 659 4142 multati.
709 4065 860 4143 Latinus
891 4095 985 4170 ager,
1028 4071 1221 4148 Privernati
1250 4071 1374 4146 addito
