3067 5342
479 729 824 803 LrnnnVI.
1074 750 1139 823 127

161 908 186 943 ‘⁸
205 898 329 973 multis
345 900 410 973 uni
427 902 538 975 effe?''
587 901 669 993 Jam
686 929 731 975 ne
745 905 847 975 noble
866 898 1014 999 quidem
1038 904 1142 973 turba

160 1046 205 1095 ex
229 1046 273 1093 eo
294 1023 375 1095 loco
404 1021 638 1110 dilabebatur,
663 1019 938 1117 refracturosque
965 1044 1140 1093 carcerem

160 1137 409 1213 minabantur:
457 1167 573 1239 quum
605 1140 758 1228 remiff0,
789 1140 828 1213 id
853 1140 954 1237 quod
987 1138 1137 1236 erepturi

160 1281 272 1347 erant,
300 1285 344 1331 ex
362 1259 657 1334 senamsconsulto
673 1258 834 1333 Manlius
849 1257 1000 1332 vinculis
1017 1258 1141 1332 libera·

159 1399 229 1451 tur.
280 1382 367 1479 Qro
384 1378 477 1453 laeto
497 1405 571 1452 non
588 1378 713 1452 seditio
730 1377 843 1465 linita,
875 1376 934 1451 sed
958 1379 1034 1450 dux
1054 1376 1141 1450 sedi-

160 1496 252 1570 tioni
269 1499 373 1571 datus
390 1498 450 1571 est.
500 1502 568 1572 Per
583 1497 723 1571 eosdem
745 1496 820 1570 dies
838 1496 1027 1570 Latinis&
1046 1498 1141 1569 Her·

161 1616 265 1705 nicis,
297 1618 398 1690 fimul
425 1615 561 1691 colonis
593 1616 846 1713 Circejensrbus
877 1621 911 1690 ac
942 1614 1141 1700 aVelitris,

162 1734 399 1835 purgantibus
415 1734 448 1810 se
465 1735 582 1810 Volsci
611 1735 757 1810 crimine
782 1734 879 1823 belli,
915 1733 1141 1833 captivosque

164 1855 419 1953 repetentibus,
453 1876 496 1929 ut
513 1854 584 1932 suis
603 1855 743 1954 legibus
760 1855 798 1928 in
815 1880 874 1929 eos
887 1854 1141 1929 animadverte·

164 1998 255 2063 rent,
290 1973 400 2049 tristia
429 1973 587 2074 responsa
614 1975 750 2048 reddita
757 2007 769 2060 ;
814 1972 961 2047 tristiora
994 1973 1141 2061 colonis,

164 2097 268 2193 quod
283 2093 377 2169 cives
398 2093 556 2169 Romani
570 2093 698 2192 patriae
715 2094 975 2191 obpugnandae
992 2090 1145 2169 nefanda

165 2212 307 2289 confilia
323 2213 473 2287 iniffent.
522 2217 610 2287 Non
627 2233 795 2310 negatum
809 2210 928 2311 itaque
946 2233 1084 2287 tantum
1098 2216 1143 2287 de

165 2331 335 2430 captivis,
362 2331 435 2418 sed,
468 2331 507 2404 in
523 2358 597 2432 quo
614 2333 658 2405 ab
674 2330 775 2405 sociis
800 2353 917 2405 tamen
931 2353 1143 2431 temperave-

165 2474 257 2541 rant,
308 2450 564 2527 denunciatum
597 2450 733 2525 senatus
773 2448 902 2539 verbis,
946 2450 1145 2527 facesserent

166 2597 314 2669 propere
331 2597 376 2645 ex
397 2574 501 2658 urbe,
532 2574 652 2646 abore
669 2592 775 2668 atque
798 2569 910 2643 oculis
927 2571 1051 2667 populi
1069 2574 1145 2645 Ro-

168 2690 280 2780 mani,
311 2718 356 2765 ne
381 2688 472 2764 nihil
497 2716 556 2765 eos
587 2687 771 2787 legationis
790 2689 863 2785 jus,
890 2710 1035 2763 externo
1069 2715 1142 2763 non

169 2811 240 2886 civi
260 2829 518 2907 comparatum,
535 2829 684 2906 tegeret.

213 2931 352 3005 XVIII.
382 2926 667 3003 Recrudescente
683 2926 870 3001 Manliana
881 2925 1066 3014 seditione,
1081 2924 1146 3001 sub

170 3048 270 3123 exitu
287 3046 371 3121 anni
388 3045 533 3121 comitia
547 3046 678 3134 habita,
709 3046 887 3145 creatique
904 3046 1038 3122 tribuni
1054 3046 1146 3121 mili·

104 3227 107 3231 .
170 3188 248 3241 tum
265 3164 438 3241 consulari
462 3165 629 3262 potestate
652 3192 698 3239 ex
711 3165 875 3241 Patribus
891 3170 961 3240 Ser.
988 3165 1147 3240 Corneli⁴

171 3313 214 3361 us
230 3283 488 3383 Maluginensrs
504 3283 662 3372 tertium,
695 3288 737 3359 P.
755 3284 914 3359 Valerius
928 3286 1067 3361 Potitus
1084 3286 1148 3361 ite'-

173 3432 266 3496 rum,
297 3408 356 3481 M.
374 3404 504 3479 Furius
520 3404 705 3491 Camillus,
740 3407 810 3478 Ser.
827 3404 1006 3503 Sulpicius
1030 3405 1160 3481 Rufus·

173 3526 315 3614 iterum,
346 3528 389 3600 C.
406 3524 567 3623 Papirius
593 3526 743 3613 Crallus,
777 3527 824 3598 T.
851 3524 1044 3626 Qrinclius
1063 3528 1150 3603 Cin-

19 3674 23 3694 *
129 3703 135 3714 .
175 3646 335 3721 cinnatus
350 3643 560 3720 secundum.
610 3644 722 3739 Cujus
745 3642 921 3742 principio
933 3644 1016 3719 anni
1033 3652 1068 3722 δι
1084 3650 1151 3721 Pa-

176 3765 286 3840 tribus
316 3768 350 3838 δι
378 3763 475 3863 plebi
501 3785 762 3862 peropportune
790 3786 932 3839 externa
957 3792 1027 3863 pax
1052 3767 1149 3840 data:

179 3884 284 3981 plebi,
325 3885 426 3981 quod
459 3909 532 3957 non
564 3904 709 3957 avocata
739 3884 879 3957 delectu
912 3883 1009 3981 spem
1041 3885 1150 3985 cepit,

180 4002 265 4077 dum
288 4022 360 4078 tam
377 4021 560 4101 potentem
580 4005 723 4079 haberet
746 4004 891 4092 ducem,
918 4001 1070 4077 foenoris
1091 4032 1153 4079 ex-

183 4120 382 4222 pugnandi,
413 4121 588 4213 Patribus,
619 4149 664 4197 ne
679 4134 754 4221 quo
764 4142 910 4209 externo
926 4144 1054 4198 terrore
1071 4151 1152 4200 avo-
