3067 5342
389 673 464 741 400
715 649 1031 726 T.L1v11

390 845 469 900 tum
499 825 685 898 Romanos
715 849 859 922 pueros,
885 827 972 900 sicut
1006 847 1104 898 nunc
1138 819 1303 908 Graecis,
1337 819 1381 894 ita

391 942 547 1020 Etruscis
556 942 665 1018 literis
678 943 810 1018 erudiri
828 943 958 1018 solitos.
1008 944 1077 1018 Sed
1094 940 1249 1041 propius
1264 940 1314 1015 est
1325 966 1378 1014 ve·

389 1091 442 1152 ro,
462 1064 696 1164 praecipuum
723 1063 862 1163 aliquid
886 1063 986 1138 fuisse
1004 1061 1042 1138 in
1067 1089 1127 1150 eo,
1161 1061 1230 1161 qui
1254 1059 1289 1135 se
1313 1081 1379 1134 tam

389 1184 517 1260 audaci
544 1183 764 1260 fimulatione
786 1182 946 1261 hostibus
972 1179 1209 1258 inmiscuerit.
1261 1183 1380 1256 Semta

390 1304 424 1382 ei
443 1303 576 1380 dicitur
589 1332 710 1382 comes
725 1332 819 1380 unus
833 1303 949 1392 fuisse,
979 1303 1135 1380 nutritus
1152 1328 1242 1390 una,
1270 1325 1378 1398 eoque

265 1451 268 1460 ·
390 1428 489 1502 haud
506 1425 649 1527 ignarus
662 1425 805 1525 linguae
823 1423 998 1522 ejusdem:
1029 1451 1095 1502 nec
1123 1422 1331 1524 quidquam
1348 1443 1379 1492 a·

277 1531 287 1550 ⁵
392 1545 471 1622 liud
504 1545 779 1645 proficiscentes,
820 1571 930 1646 quam
971 1544 1184 1620 summatim
1218 1537 1379 1642 regionis,

391 1693 485 1767 quae
508 1665 671 1741 intranda
697 1689 782 1754 erat,
817 1689 977 1742 naturam
1007 1693 1048 1741 ac
1073 1665 1229 1742 nomina
1255 1657 1377 1762 princi·

390 1813 480 1886 pum
497 1785 535 1862 in
552 1787 695 1886 populis
708 1813 897 1887 acceper03
931 1812 976 1861 ne
994 1813 1065 1886 qua
1081 1785 1177 1860 inter
1191 1779 1378 1881 conloquia

392 1906 518 2007 insigni
541 1929 625 1983 nota
640 1909 844 1983 haefitantes
861 1907 1078 2004 deprehendi
1109 1909 1262 2006 possent.
1310 1904 1378 1976 lere

391 2027 552 2126 pastoraii
579 2027 718 2116 babitu,
752 2027 945 2128 agrestibus
975 2027 1066 2115 telis,
1093 2027 1252 2103 falcibus
1268 2017 1376 2124 gaefis·

392 2173 464 2247 que
488 2147 584 2223 binis
609 2149 746 2222 armati.
796 2149 866 2223 Sed
889 2175 1007 2246 neque
1029 2148 1296 2224 commercium
1317 2141 1377 2216 lin·

393 2295 498 2368 guae,
524 2293 591 2342 nec
606 2267 711 2342 vestis
725 2295 949 2344 armorumve
967 2266 1109 2344 habitus
1125 2273 1175 2344 fic
1196 2294 1257 2343 eos
1283 2259 1376 2346 texit,

393 2415 504 2489 quam
531 2389 633 2485 quod
658 2389 869 2464 abhorrebat
896 2393 941 2464 ab
962 2391 1046 2478 fide,
1073 2413 1300 2489 quemquam
1321 2405 1374 2456 ex·

392 2529 534 2583 ternum
564 2505 741 2582 Ciminios
772 2507 875 2584 saltus
905 2509 1130 2586 intraturum.
1186 2507 1311 2608 Usque
1335 2501 1375 2576 ad

393 2631 573 2704 Camertes
599 2630 761 2703 Umbros
780 2633 969 2728 penetrasse
987 2629 1171 2707 dicuntur.
1222 2627 1291 2716 Ibi,
1315 2619 1371 2722 qui

392 2751 513 2836 essent,
539 2747 639 2824 fateri
656 2750 867 2824 Romanum
884 2749 1026 2826 ausum:
1060 2750 1373 2842 introduemmque

393 2867 430 2943 in
445 2867 605 2944 senatum
622 2867 776 2945 consulis
791 2870 908 2946 verbis
924 2871 1031 2972 egisse
1049 2874 1095 2946 de
1111 2871 1277 2949 societate
1293 2861 1372 2940 ami·

392 2987 566 3088 citiaque:
610 3009 717 3088 atque
748 2990 834 3064 inde
863 2992 959 3068 comi
993 2993 1147 3093 hospitio
1181 3008 1373 3090 acceptum,

394 3109 562 3185 nunciare
577 3111 753 3185 Romanis
770 3112 919 3207 jussum,
947 3138 1193 3190 commeatum
1212 3099 1373 3188 exercitui

394 3229 535 3304 diemm
553 3228 698 3330 triginta
722 3231 856 3329 praesto
874 3232 962 3322 fore,
988 3238 1010 3308 fi
1037 3261 1079 3308 ea
1104 3238 1184 3311 loca
1211 3227 1371 3310 intnffeu

386 3351 689 3449 juventutemque
709 3352 931 3428 Camertium
958 3357 1186 3432 Umbrorum
1211 3356 1249 3430 in
1273 3343 1369 3424 armis

392 3490 547 3568 paratam
580 3469 731 3570 imperio
764 3470 934 3548 futuram.
990 3478 1095 3552 Haec
1126 3503 1243 3576 quum
1275 3469 1372 3546 relata

393 3588 528 3668 consuli
556 3592 677 3680 essent,
704 3590 958 3691 inpedimentis
989 3596 1104 3694 prima
1131 3596 1254 3698 vigilia
1281 3609 1369 3690 prae·

393 3710 513 3800 miffis,
541 3710 743 3812 legionibus
763 3713 841 3811 post
858 3714 1103 3814 inpedimenta
1118 3717 1167 3792 ire
1175 3718 1284 3816 juffis,
1305 3699 1370 3803 ipse

393 3828 547 3907 substitit
560 3858 646 3907 cum
664 3831 848 3932 equitatu:
884 3841 932 3926 δι,
949 3839 1029 3912 luce
1047 3860 1135 3927 orta,
1161 3839 1296 3940 postero
1315 3822 1368 3899 die

392 3952 617 4050 obequitavit
643 3953 852 4030 stationibus
878 3957 1047 4048 hostium,
1080 3985 1171 4059 quae
1198 3979 1292 4037 extra
1312 3945 1368 4022 sd·

394 4093 474 4147 tum
491 4071 673 4169 dispositae
689 4097 803 4150 erant:
833 4081 881 4164 dc,
909 4103 1026 4176 quum
1043 4078 1121 4156 satis
1134 4081 1199 4156 diu
1218 4069 1367 4157 tenuisset
