3067 5342
373 729 446 802 234
705 701 1020 778 T.L1rrr

420 869 598 944 XXXIII.
624 871 712 946 Non
734 871 818 948 alias
832 872 937 948 militi
958 871 1161 949 familiarior
1176 871 1258 948 dun
1269 871 1359 960 fuit,

370 989 493 1064 omnia
507 989 600 1065 inter
615 990 759 1068 infimos
776 990 935 1070 militum
951 995 1048 1068 haud
1065 1013 1205 1094 gravate
1228 993 1360 1067 munia

369 1112 552 1186 obeundo.
602 1113 645 1185 ln
667 1113 756 1187 ludo
776 1135 952 1212 praeterea
972 1112 1128 1202 militari,
1158 1137 1273 1212 quum
1294 1139 1360 1186 ve-

368 1229 521 1306 locitatis
549 1229 754 1332 viriumque
783 1233 874 1308 inter
903 1233 936 1308 se
970 1234 1132 1332 aequales
1163 1231 1361 1307 certamina

370 1349 508 1439 ineunt,
550 1351 700 1427 comiter
728 1352 841 1428 facilis
873 1353 1013 1428 vincere
1047 1379 1087 1427 ac
1119 1351 1218 1427 vinci
1248 1355 1357 1428 vultu

369 1471 519 1558 eodem;
548 1499 615 1547 nec
632 1497 853 1572 quemquam
872 1473 1068 1572 adspernari
1082 1499 1214 1571 parem,
1241 1471 1359 1571 quise

368 1589 541 1679 obferret3
568 1591 669 1666 fastis
685 1591 862 1693 benignus
887 1619 953 1690 pro
968 1619 1017 1681 re,
1043 1591 1146 1668 dietis
1169 1594 1268 1668 haud
1286 1592 1358 1668 mi-

370 1737 437 1786 nus
453 1711 622 1786 libertatis
639 1711 784 1801 alienae,
817 1739 927 1811 quam
949 1712 1029 1787 suae
1056 1712 1252 1814 dignitatis,
1279 1739 1359 1788 me-

369 1855 471 1905 more
501 1835 550 1919 br,
576 1859 651 1932 quo
678 1833 768 1908 nihil
794 1831 998 1932 popularius
1024 1833 1087 1922 est,
1113 1833 1246 1932 quibus
1271 1832 1359 1906 arti-

370 1956 438 2027 bus
459 1952 605 2050 petierat
624 1951 856 2052 magistratus,
883 1951 1007 2026 iisdem
1023 1955 1176 2051 gerebat
1226 1955 1358 2067 ltaque

369 2071 551 2147 universus
566 2072 754 2160 exercitus,
779 2069 980 2146 incredibili
997 2070 1173 2146 alacritate
1189 2075 1356 2147 adhorta—

370 2191 506 2266 tionem
522 2191 725 2290 prosecutus
740 2191 856 2278 ducis,
881 2189 996 2264 castris
1010 2190 1201 2290 egreditur.
1243 2195 1355 2267 Proe-

368 2310 474 2399 lium,
500 2332 542 2383 ut
558 2313 659 2410 quod
672 2309 827 2384 maxime
840 2332 1031 2408 umquam,
1046 2309 1120 2408 pari
1137 2310 1209 2410 spe,
1226 2310 1356 2386 utrim-

367 2457 440 2528 que
465 2429 588 2528 aequis
616 2429 764 2520 viribus‚
795 2455 880 2504 cum
909 2427 1044 2504 fiducia
1071 2428 1138 2518 sui,
1169 2433 1239 2504 fine
1266 2457 1355 2506 con-

368 2571 482 2624 temtu
508 2547 677 2637 hostium,
702 2549 928 2624 commillum
955 2549 1016 2624 est.
1065 2548 1283 2624 Samnitibus
1300 2550 1354 2624 fe-

368 2670 501 2744 rociam
516 2672 695 2768 augebant
710 2694 822 2742 novae
844 2695 896 2742 res
921 2669 1035 2768 gestae
1062 2673 1096 2742 &
1123 2693 1255 2767 paucos
1270 2692 1353 2748 ante

368 2790 445 2865 dies
461 2787 640 2890 geminata
655 2787 819 2875 victoria3
855 2787 1030 2862 Romanis
1046 2808 1169 2862 contra
1182 2787 1352 2885 quadrin-

368 2930 558 3009 gentorum
575 2935 750 2983 annorum
773 2909 912 2994 decora,
940 2911 975 2980 δι
998 2907 1163 2982 conditae
1186 2910 1270 2984 urbi
1291 2936 1350 2984 ae-

367 3029 483 3128 qualis
504 3028 668 3103 victoria:
693 3026 851 3125 utrisque
875 3047 993 3100 tamen
1016 3052 1129 3102 novus
1156 3029 1264 3104 hostis
1286 3056 1351 3106 cu·

367 3177 442 3225 ram
473 3151 638 3224 addebat.
687 3149 815 3245 Pugna
840 3145 976 3222 indicio
998 3144 1081 3234 fuit,
1117 3173 1210 3246 quos
1242 3153 1351 3250 gelse-

366 3270 438 3344 rint
467 3270 616 3344 animos.
665 3269 836 3364 Namque
867 3265 916 3339 ita
945 3265 1195 3356 conflixerunt,
1221 3291 1264 3344 ut
1286 3269 1350 3343 ali-

366 3388 540 3488 quamdiu
578 3387 616 3460 in
654 3408 815 3460 neutram
849 3407 983 3484 partem
1011 3386 1221 3464 inclinarent
1244 3389 1348 3465 acies.

368 3511 470 3580 Tum
503 3505 640 3594 consul,
679 3504 952 3602 trepidationem
982 3506 1210 3603 injiciendam
1240 3531 1348 3600 ratus,

366 3628 514 3726 quando
526 3623 563 3699 vi
589 3625 674 3724 pelli
698 3651 772 3699 non
789 3646 962 3723 poterant,
996 3627 1178 3724 equitibus
1204 3629 1349 3704 inmillis

366 3750 506 3823 turbare
530 3745 646 3844 prima
660 3748 755 3844 figna
779 3745 934 3820 hostium
957 3768 1115 3823 conatur.
1164 3755 1267 3851 Qtos
1282 3748 1348 3824 ubi

366 3866 614 3967 nequidquam
640 3867 897 3940 tumultuantes
914 3867 952 3940 in
979 3866 1090 3965 spatio
1116 3866 1251 3968 exiguo
1272 3870 1347 3942 vol-

366 4013 446 4062 vere
469 4008 602 4061 turmas
617 3984 722 4074 vidit,
753 4013 820 4061 nec
837 3989 931 4086 poffe
955 3988 1087 4084 aperire
1112 3987 1150 4062 in
1167 3989 1282 4064 hostes
1296 3987 1347 4062 vi-

367 4134 439 4197 am,
472 4109 633 4183 revectus
662 4107 710 4181 ad
733 4110 975 4208 antesignanos
1000 4106 1198 4208 legionum,
1233 4135 1348 4210 quum
