3067 5342
481 645 809 722 eran.
1105 650 1149 747 83

168 846 250 896 rum
279 821 576 896 intolerantiffima
593 848 692 921 gens,
718 820 934 919 humorique
958 846 999 895 ac
1028 820 1149 920 frigori

167 942 326 1031 adsueta,
357 966 473 1041 quum
498 942 593 1015 aestu
621 948 802 1040 &angore
830 962 966 1027 vexata,
997 940 1170 1050 vulgatis*

165 1064 268 1137 velut
294 1062 333 1135 in
350 1088 464 1160 pecua
487 1062 634 1150 morbis,
668 1082 863 1135 moreretur
870 1094 882 1148 3
909 1060 984 1157 jam
1007 1060 1149 1160 pigritia

166 1183 322 1281 fingulos
348 1180 538 1279 sepeliendi
565 1182 765 1279 promiscue
792 1202 967 1256 acervatos
984 1182 1148 1255 cumulos

165 1302 359 1376 hominum
389 1304 556 1376 urebant:
587 1301 845 1399 bustorumque
879 1300 963 1374 inde
991 1300 1147 1377 Gallico-

166 1448 250 1497 rum
278 1421 424 1495 nomine
452 1420 623 1520 infignem
649 1422 773 1495 locum
803 1420 927 1496 fecere.
977 1420 1148 1497 Induciae

166 1542 302 1617 deinde
325 1568 411 1616 curn
433 1541 608 1615 Romanis
634 1540 756 1628 factae,
791 1544 825 1615 &
854 1539 1046 1638 conloquia
1070 1568 1147 1639 per-

164 1661 272 1735 miffu
305 1661 560 1758 imperatorum
592 1659 738 1735 habita:
787 1660 824 1735 in
858 1661 991 1759 quibus
1031 1687 1147 1759 quum

168 1780 383 1855 idemtidem
401 1780 497 1855 Galli
512 1780 643 1854 famem
665 1780 871 1876 objicerent,
902 1807 1015 1880 eaque
1032 1780 1147 1855 neces-

167 1905 264 1975 fitate
281 1902 327 1973 ad
344 1899 566 1974 deditionem
588 1922 767 1989 vocarent,
794 1900 926 1975 dicitur
941 1901 1148 1975 avertendae

168 2022 244 2118 ejus
257 2018 437 2118 opinionis
451 2022 566 2094 cauffa
586 2019 708 2094 multis
724 2019 811 2095 locis
828 2020 928 2119 panis
945 2022 991 2095 de
1004 2020 1149 2118 Capito·

168 2140 218 2216 lio
241 2141 393 2237 jactatus
421 2140 488 2213 effe
518 2138 556 2212 in
581 2140 738 2214 hostiurn
763 2139 937 2215 stationes.
987 2143 1056 2216 Sed
1071 2142 1148 2239 jam

170 2286 290 2359 neque
313 2259 532 2347 dissimulari,
563 2285 680 2357 neque
696 2260 778 2333 ferri
800 2262 892 2335 ultra
915 2261 1025 2336 fames
1050 2282 1149 2359 pote-

169 2404 233 2456 rat.
283 2383 422 2478 Iraque,
453 2381 542 2454 dum
568 2379 718 2453 dictator
741 2381 919 2455 delectum
942 2406 1004 2480 per
1030 2380 1063 2455 se
1081 2387 1150 2455 Ar-

171 2504 258 2577 deae
285 2502 405 2588 habet,
434 2498 642 2598 magistrum
669 2498 835 2598 equitum
864 2503 910 2574 L.
927 2501 1150 2574 Valeriuma

170 2622 269 2718 Vejis
290 2622 467 2696 abducere
489 2618 687 2693 exercitum
701 2620 820 2716 jubet,
854 2642 962 2718 parat,
997 2620 1151 2694 instruit-

171 2768 258 2842 que,
288 2740 421 2840 quibus
447 2742 544 2813 haud
567 2738 667 2837 inpar
688 2739 866 2814 adoriatur
896 2740 1026 2814 hostes:
1061 2738 1150 2813 inte-

172 2863 240 2937 rim
258 2861 481 2959 Capitolinus
504 2860 691 2947 exercitus,
724 2858 933 2935 stationibus
946 2858 1148 2961 vigiliisque

172 2982 290 3069 feffus,
317 2979 482 3078 superatis
508 3001 628 3053 tamen
650 2978 815 3053 humanis
842 2979 1012 3054 omnibus
1035 2978 1148 3067 malis,

172 3128 289 3201 quum
312 3100 444 3175 famem
460 3126 570 3174 unam
593 3120 716 3175 natura
731 3099 828 3175 vinci
847 3126 918 3175 non
935 3104 1069 3187 sineret,
1097 3100 1151 3174 di-

172 3248 230 3296 em
247 3222 295 3294 de
320 3220 378 3293 die
396 3220 629 3319 prospedans,
660 3221 803 3318 ecquod
822 3220 997 3294 auxilium
1013 3224 1058 3295 ab
1074 3220 1150 3295 dic·

173 3361 283 3415 tatore
299 3341 500 3436 adpareret3
532 3340 708 3437 postremo
727 3339 785 3439 spe
805 3367 951 3439 quoque
964 3342 1052 3438 jam,
1079 3366 1152 3413 non

172 3460 288 3535 solum
312 3458 408 3547 cibo,
444 3459 644 3547 deficiente,
679 3464 727 3547 u,
758 3486 875 3559 quum
892 3460 1054 3535 stationes
1072 3487 1151 3558 pro·

172 3583 353 3667 cederent,
395 3606 505 3677 prope
539 3580 773 3654 obruentibus
807 3580 991 3655 infirmum
1025 3604 1153 3677 corpus

173 3700 292 3788 armis,
323 3702 380 3773 vel
397 3699 496 3787 dedi,
524 3702 581 3773 vel
599 3699 726 3773 redimi
744 3699 791 3788 se,
817 3725 1049 3798 quacumque
1071 3724 1152 3797 pac·

172 3819 270 3893 tione
305 3822 454 3917 postem,
494 3820 614 3916 jussit3
651 3820 866 3916 jaetantibus
899 3846 972 3895 non
1005 3817 1152 3893 obscure

175 3941 301 4028 Gallis,
327 3941 424 4013 haud
442 3964 572 4039 magna
594 3941 757 4014 mercede
778 3938 811 4014 se
828 3940 958 4013 adduci
978 3942 1085 4037 pofl'e,
1112 3961 1152 4013 ut

173 4060 395 4137 obsidionem
429 4059 640 4158 relinquant.
695 4062 797 4134 Tum
826 4059 963 4135 senatus
996 4059 1150 4147 habitus,
