3067 5342
386 902 434 973 Τ.
459 902 609 975 LIVII
639 903 929 977 PATAVINI

245 1125 1084 1247 HISTORIARUM

302 1388 388 1468 AB
428 1390 621 1471 URBE
659 1340 1003 1471 con‘r'A

476 1621 820 1721 LIBRI.

364 2069 579 2129 EPITOME
613 2072 746 2127 LIBRI
782 2072 938 2128 sEle.

10 2347 11 2350 Ἴ
165 2179 293 2339 RES
319 2264 492 2375 adverstrs
512 2268 712 2375 Volscos&
730 2268 937 2377 Aequos&
958 2268 1137 2373 Praenes-

162 2398 253 2478 tinos
264 2402 435 2507 prospere
458 2402 575 2508 gestos
600 2402 769 2482 eontinet.
825 2404 995 2510 Quatuor
1021 2400 1140 2481 tro'bus

160 2529 305 2615 additae
319 2536 429 2639 stent,
463 2534 670 2627 Stellatina,
705 2532 897 2627 Sabatina,
933 2530 1137 2614 Tromenti-

159 2692 223 2758 na,
258 2665 461 2771 Arnierfis.
516 2670 578 2745 M.
598 2666 782 2761 Manlius,
827 2662 892 2775 qui
919 2666 1138 2774 Capitolium

157 2824 183 2873 o
213 2796 333 2875 Gallis
349 2795 570 2907 defenderat,
601 2828 713 2908 quum
731 2797 909 2907 obstrietus
926 2827 1009 2879 aere
1026 2797 1138 2878 alieno

159 2926 348 3023 liberaret,
386 2958 491 3011 nexos
528 2932 735 3040 eofirneret,
779 2930 927 3011 crimine
962 2928 1142 3035 adsettoti

158 3057 268 3166 regni
289 3059 496 3159 dornnatns,
527 3061 570 3142 de
586 3068 684 3170 sroxo
704 3058 858 3171 *Tarpeyo
876 3060 1029 3167 dejeblus
1059 3060 1133 3169 est:

156 3192 196 3270 in
214 3190 319 3297 eujm
342 3212 464 3273 notorn
476 3194 980 3303 senatuscorssoltnmjaltnrn
1005 3198 1069 3303 est,
1092 3223 1136 3274 ne

157 3325 220 3405 cui
234 3323 277 3404 ele
295 3326 454 3405 Manlia·
459 3344 568 3433 gente
581 3330 716 3405 Marco
734 3354 920 3432 cognomen
936 3324 1028 3433 effet.
1086 3330 1132 3413 C.

157 3456 327 3536 Licinius
343 3458 386 3537 &
412 3460 466 3538 L.
485 3457 628 3537 Sextius
641 3455 911 3565 tribuniplebis
924 3458 1134 3569 legenpro-

156 3592 383 3696 mulgarunt,
416 3607 460 3669 nt
485 3591 638 3699 eonstoles
662 3588 771 3669 etiarn
798 3620 841 3669 eoo
861 3589 965 3698 plebe
978 3593 1133 3697 fierent,

158 3721 221 3832 qui
251 3751 296 3801 ex
329 3720 508 3801 Patribus
539 3720 772 3801 creabantur.
831 3724 994 3830 Eamque
1027 3724 1135 3831 legem

158 3883 237 3935 curn
254 3882 389 3960 magno
414 3853 646 3945 contentione,
679 3850 967 3959 repugnantibus
999 3857 1132 3936 Patri·

157 3988 234 4085 bus,
263 4015 375 4097 quarn
393 3982 495 4065 iidern
515 3982 659 4064 tribuni
667 3982 784 4092 plebis
794 4000 866 4092 per
893 3985 1133 4095 quinquenni.

376 4126 381 4135 '
619 4114 661 4187 H
