3067 5342
392 761 467 831 404
726 737 1039 810 T.L1vrr

394 907 556 984 cerinum
570 907 732 1006 profesti,
759 908 931 1008 proximis
953 905 1079 1006 raptim
1098 903 1249 992 vastatis,
1281 904 1377 978 unda

393 1029 529 1104 reditus
555 1049 653 1104 tutus
681 1031 728 1103 ad
753 1055 859 1105 naves
886 1031 980 1116 effer,
1010 1025 1203 1102 dulcedine
1235 1029 1292 1121 (ut
1317 1025 1375 1117 fit)

394 1150 542 1248 praedae
557 1147 699 1249 longius
719 1151 895 1248 progreffr,
926 1146 1086 1223 excivere
1104 1145 1229 1220 hostes.
1278 1145 1379 1220 Pala-

395 1267 440 1344 tis
456 1295 518 1369 per
534 1293 636 1368 agros
662 1295 768 1344 nemo
795 1267 924 1343 obvius
946 1267 1029 1357 fuit,
1057 1293 1172 1366 quum
1188 1265 1379 1341 occidione

394 1387 514 1470 occidi
537 1390 694 1488 possent:
725 1389 912 1464 redeuntes
941 1387 1082 1489 agmine
1114 1387 1257 1462 incauto
1280 1389 1380 1462 haud

394 1510 521 1606 procul
539 1507 689 1583 navibus
705 1507 865 1584 adsecuti
882 1509 1029 1608 agrestes
1044 1529 1219 1582 exuerunt
1235 1508 1380 1605 praeda,

395 1649 530 1728 partem
556 1625 664 1702 etiam
687 1628 916 1704 occideruntr
952 1655 1044 1728 quae
1068 1626 1239 1726 superfuit
1263 1626 1380 1714 caedi,

393 1745 531 1846 trepida
543 1746 739 1827 multitudo
748 1750 795 1822 ad
812 1773 916 1823 naves
928 1747 1110 1846 compulsa
1127 1747 1186 1821 est.
1235 1743 1381 1820 Prosec-

395 1865 447 1941 tio
461 1865 629 1970 QFabii
649 1889 741 1941 trans
757 1865 951 1942 Ciminiam
969 1869 1086 1942 filvam
1103 1887 1279 1965 quantum
1302 1867 1382 1940 Ro·

396 2013 475 2062 mae
492 2010 657 2062 terrorem
676 1985 816 2074 fecerat,
848 2007 922 2062 tam
941 1988 1067 2062 laetam
1082 1985 1212 2062 samam
1226 1985 1264 2061 in
1280 1989 1380 2061 Sam-

396 2106 500 2182 nium
532 2108 578 2181 ad
608 2107 723 2182 hostes
752 2109 901 2182 tuleratt
938 2117 963 2150 “
992 2106 1222 2196 interclusum
1245 2108 1381 2181 Rorna-

398 2237 533 2301 “num
559 2226 757 2301 exercitum
781 2226 945 2316 obfideri,
980 2225 1160 2326 cladisque
1187 2224 1380 2324 imaginem

400 2349 613 2421 “Furculas
646 2345 849 2422 Caudinas’·
879 2350 1133 2426 memorabant.
1184 2357 1209 2390 ‘⁶
1242 2347 1380 2420 Eadem

398 2465 638 2541 “temeritate
666 2467 809 2542 avidam
839 2467 1049 2542 ulteriorum
1075 2465 1211 2566 semper
1236 2487 1380 2566 gentem

399 2597 424 2638 ‘⁴
440 2585 479 2662 in
501 2585 604 2664 saltus
619 2585 735 2661 invios
751 2587 957 2676 deductam,
981 2586 1112 2686 septam
1135 2613 1208 2661 non
1224 2587 1380 2661 hostium

400 2707 557 2807 “magis
598 2705 716 2796 annis,
764 2731 873 2804 quam
913 2709 1075 2782 locorum
1117 2705 1381 2805 iniquitatibus,

400 2838 425 2873 “
444 2829 545 2902 effe.'’
593 2829 674 2924 Jam
693 2827 869 2926 gaudium
882 2826 1018 2902 invidia
1031 2828 1187 2926 quadarn
1214 2824 1381 2904 misceba-

400 2971 470 3037 tur,
504 2949 605 3046 quod
621 2947 705 3022 belli
723 2947 882 3023 Romani
897 2949 1006 3022 decus
1022 2949 1067 3022 ab
1080 2946 1296 3023 Samnitibus
1311 2947 1381 3022 sor-

401 3089 489 3142 tuna
512 3069 558 3156 ad
585 3065 751 3142 Etruscos
774 3065 956 3142 avertiffer.
1006 3068 1131 3164 Itaque
1153 3068 1258 3142 armis
1285 3065 1380 3141 viris·

401 3213 472 3286 que
498 3188 544 3262 ad
570 3188 807 3261 obterendum
833 3188 877 3262 C.
900 3184 1081 3260 Marcium
1099 3185 1279 3262 consulem
1297 3213 1382 3262 con-

400 3330 566 3394 currunt;
593 3305 756 3406 protinus
784 3306 868 3380 inde
891 3304 1072 3380 Etruriam
1097 3333 1159 3406 per
1182 3305 1319 3382 Marsos
1341 3333 1381 3381 ac

399 3426 546 3503 Sabinos
575 3427 785 3524 petituri,s1
815 3426 976 3502 Marcius
1009 3425 1206 3502 dimicandi
1232 3427 1380 3526 potesta-

400 3567 474 3622 tem
500 3574 573 3622 non
588 3545 704 3623 faciat.
753 3546 894 3636 Obvius
921 3544 964 3622 iis
991 3545 1112 3621 consul
1133 3547 1212 3622 fuit.
1263 3546 1381 3621 Dimi-

402 3691 522 3743 catum
556 3667 690 3766 proelio
721 3665 905 3765 utrimque
939 3667 1060 3755 atroci,
1108 3691 1214 3767 atque
1248 3667 1382 3743 incerto

402 3811 531 3864 eventu
555 3788 616 3883 est,
667 3789 716 3862 Et
731 3812 847 3886 quum
870 3813 999 3884 anceps
1022 3790 1145 3863 caedes
1162 3787 1290 3876 suisset,
1321 3789 1382 3862 ad-

401 3909 516 3985 versae
545 3931 664 3990 tamen
697 3907 747 3982 rei
778 3907 871 3981 fama
895 3907 932 3982 in
962 3910 1147 3982 Romanos
1179 3907 1296 3995 vertit,
1335 3911 1383 3982 ob

402 4028 542 4103 amissos
567 4026 740 4128 quosdam
767 4026 934 4127 equestris
963 4026 1112 4115 ordinis,
1155 4027 1384 4127 tribunosque

402 4148 575 4243 militum,
606 4169 714 4246 atque
729 4171 845 4224 unum
863 4151 1033 4247 legatum,
1061 4152 1095 4222 ὅτ
1119 4151 1235 4248 (quod
1251 4149 1384 4248 insigne
