3067 5342
490 656 721 730 errrrn
772 654 836 729 VI.
1087 680 1152 757 ¹55

172 852 284 930 quam
301 828 505 928 superessem
531 828 571 905 in
585 829 708 904 medio
724 833 810 904 caesr
825 830 871 903 ad
887 852 1003 903 unum
1017 856 1152 905 omnes·

173 954 403 1049 Recuperato
418 953 464 1026 ab
487 948 647 1025 hostibus
670 947 845 1036 Tusculo,
879 948 1054 1024 exercitus
1077 953 1153 1025 Ro·

172 1095 270 1143 mam
287 1070 338 1144 est
353 1072 531 1144 reduetus.

230 1190 408 1263 XXXIV.
455 1194 603 1293 Qranto
640 1187 754 1288 magis
784 1187 954 1287 prosperis
988 1214 1032 1262 eo
1061 1215 1155 1265 anno

177 1307 277 1383 bellis
300 1308 490 1407 tranquilla
505 1308 628 1383 omnia
653 1308 737 1383 foris
752 1330 863 1396 erant,
888 1307 1042 1381 tantuin
1065 1312 1154 1384 urbe

176 1430 228 1504 ris
240 1434 389 1505 Patrum
406 1428 444 1503 in
461 1428 537 1503 dies
561 1428 789 1528 miseriaeque
807 1424 920 1525 plebis
934 1426 1153 1516 crescebant,

175 1573 291 1647 quum
313 1576 357 1623 eo
382 1548 471 1647 ipso,
498 1550 600 1647 quod
621 1551 756 1623 neceffe
779 1568 851 1622 erat
874 1545 975 1635 solvi,
1009 1545 1156 1623 facultas

173 1668 333 1743 solvendi
358 1667 590 1766 inpediretur.
638 1672 777 1769 Itaque,
810 1692 926 1770 quum
946 1669 1022 1765 jam
1048 1694 1093 1741 ex
1119 1693 1156 1742 re

174 1788 265 1863 nihil
291 1788 369 1863 dari
402 1790 525 1889 pollet,
556 1789 651 1864 sarna
676 1794 711 1865 a
741 1814 902 1887 corpore,
928 1786 1081 1885 judicati
1105 1808 1156 1862 at·

173 1934 246 2008 que
271 1908 422 1997 addicti,
461 1908 696 1985 creditoribus
727 1908 994 1997 satisfaciebant,
1026 1935 1157 2007 poena·

173 2056 247 2127 que
264 2028 304 2103 in
319 2027 438 2104 vicem
457 2026 543 2103 fidei
560 2031 712 2104 cesserat.
761 2031 868 2104 Adeo
883 2054 967 2129 ergo
981 2026 1157 2103 obnoxios

173 2148 409 2227 submiserant
433 2149 572 2224 animos
597 2176 671 2223 non
690 2149 808 2225 infimi
830 2148 957 2237 solum,
983 2147 1044 2223 sed
1061 2148 1156 2247 prin·

174 2270 276 2370 cipes
298 2270 406 2345 etiam
421 2269 563 2370 plebis,
579 2292 622 2345 ut
638 2296 712 2344 non
728 2271 839 2344 modo
865 2270 911 2343 ad
934 2268 1157 2346 tribunatum

147 2395 149 2400 ’
172 2388 335 2466 rnilitum
351 2389 442 2465 inter
457 2388 624 2491 patricios
637 2392 848 2488 petendum,
882 2392 983 2488 quod
995 2411 1091 2465 tanta
1107 2390 1156 2479 vi,

173 2530 218 2584 ut
243 2508 377 2599 liceret,
409 2510 631 2585 tetenderant
637 2542 649 2597 3
675 2508 735 2583 sed
758 2536 803 2583 ne
825 2510 872 2582 ad
898 2511 1053 2607 plebejos
1077 2509 1158 2607 qui-

175 2633 263 2707 dem
279 2630 500 2731 magistratus
513 2630 738 2729 capessendos
754 2627 995 2727 petendosque
1021 2629 1088 2702 ulli
1106 2628 1158 2702 vi-

176 2776 217 2825 ro
231 2749 302 2826 acri
325 2749 595 2851 experientique
615 2748 757 2824 animus
773 2751 872 2823 esset:
901 2751 1158 2845 posseffionem-

178 2895 250 2967 que
276 2868 433 2959 honoris,
458 2869 616 2971 usurpati
644 2872 755 2945 modo
771 2896 792 2943 a
807 2871 910 2967 plebe
937 2895 1000 2969 per
1025 2895 1158 2967 paucos
1224 2876 1226 2881 '

178 3016 301 3080 annos,
335 2992 549 3092 recuperaffe
571 2990 610 3064 in
630 3012 844 3090 perpetuum
863 2980 982 3063 Pat'res
997 2988 1158 3064 videren-

180 3132 248 3185 tur.
296 3113 356 3185 Ne
381 3110 422 3185 id
435 3109 543 3185 nimis
560 3113 694 3185 laetum
710 3107 802 3207 parti
817 3109 914 3184 alteri
930 3111 1025 3197 esset,
1055 3134 1161 3208 parva

183 3236 240 3329 (ut
269 3234 484 3331 plerumque
522 3228 623 3325 solet)
659 3257 734 3305 rem
765 3230 948 3330 ingentem
981 3227 1159 3303 moliundi

181 3354 296 3426 cauffa
324 3349 522 3425 intervenit.
573 3352 631 3424 M.
659 3350 763 3425 Fabii
790 3348 973 3438 Ambusti,
1007 3347 1161 3447 potentis

180 3470 258 3559 viri,
291 3496 408 3568 quum
425 3470 516 3545 inter
541 3468 594 3543 sui
617 3468 773 3566 corporis
790 3468 966 3557 homines,
1000 3490 1080 3543 tum
1097 3467 1161 3544 eti-

182 3617 238 3665 am
263 3592 310 3665 ad
325 3592 483 3689 plebem,
515 3590 617 3687 quod
633 3590 915 3685 haudquaquam
933 3588 1023 3663 inter
1039 3590 1078 3663 id
1101 3616 1161 3689 ge-

181 3736 247 3785 nus
270 3731 470 3785 contemtor
486 3710 561 3807 ejus
585 3711 795 3796 habebatur,
830 3707 922 3782 filiae
949 3710 1041 3783 duae
1069 3734 1162 3806 nup-

181 3850 248 3918 tae,
283 3833 355 3905 Ser.
372 3828 532 3931 Sulpicio
548 3830 671 3927 major,
698 3828 870 3903 minorC.
885 3826 1032 3901 Licinio
1048 3830 1162 3902 Stolo·

182 3950 219 4023 ni
252 3970 339 4038 erat,
382 3948 519 4023 inlustri
553 3948 717 4048 quidem,
752 3946 829 4023 viro
857 3970 976 4021 tamen
1001 3949 1162 4047 plebejor

183 4094 294 4248 eaque
310 4068 385 4169 ipsa
405 4067 569 4145 adfinitas
584 4070 682 4145 haud
695 4067 808 4167 spreta
823 4065 973 4169 gratiam
991 4066 1103 4145 Fabio
1118 4070 1164 4144 ad
