<?xml version="1.0" encoding="UTF-8"?>
<!DOCTYPE html PUBLIC "-//W3C//DTD XHTML 1.0 Transitional//EN"
    "http://www.w3.org/TR/xhtml1/DTD/xhtml1-transitional.dtd">
<html xmlns="http://www.w3.org/1999/xhtml" xml:lang="en" lang="en">
 <head>
  <title>
</title>
<meta http-equiv="Content-Type" content="text/html;charset=utf-8" />
  <meta name='ocr-system' content='tesseract 3.04.00' />
  <meta name='ocr-capabilities' content='ocr_page ocr_carea ocr_par ocr_line ocrx_word'/>
</head>
<body>
  <div class='ocr_page' id='page_1' title='image "./tliviipatavinih00homegoog_0261.png"; bbox 0 0 3067 5342; ppageno 0'>
   <div class='ocr_carea' id='block_1_1' title="bbox 457 721 1142 822">
    <p class='ocr_par' dir='ltr' id='par_1_1' title="bbox 457 721 1142 822">
     <span class='ocr_line' id='line_1_1' title="bbox 457 721 1142 822; baseline -0.001 -27"><span class='ocrx_word' id='word_1_1' title='bbox 457 721 688 796; x_wconf 80' lang='lat' dir='ltr'>Lrnnn</span> <span class='ocrx_word' id='word_1_2' title='bbox 746 721 827 795; x_wconf 89' lang='lat' dir='ltr'>v11.</span> <span class='ocrx_word' id='word_1_3' title='bbox 1074 744 1142 822; x_wconf 82' lang='lat'>253</span> 
     </span>
    </p>
   </div>
   <div class='ocr_carea' id='block_1_2' title="bbox 154 891 1146 2664">
    <p class='ocr_par' dir='ltr' id='par_1_2' title="bbox 154 891 1146 2664">
     <span class='ocr_line' id='line_1_2' title="bbox 158 891 1146 993; baseline 0 -25"><span class='ocrx_word' id='word_1_4' title='bbox 158 893 247 969; x_wconf 88' lang='lat' dir='ltr'>inde</span> <span class='ocrx_word' id='word_1_5' title='bbox 273 895 320 968; x_wconf 84' lang='lat' dir='ltr'>ad</span> <span class='ocrx_word' id='word_1_6' title='bbox 345 912 512 992; x_wconf 86' lang='lat' dir='ltr'>quartum</span> <span class='ocrx_word' id='word_1_7' title='bbox 524 893 691 993; x_wconf 81' lang='lat' dir='ltr'>lapidem</span> <span class='ocrx_word' id='word_1_8' title='bbox 707 892 881 992; x_wconf 69' lang='lat' dir='ltr'>profectos</span> <span class='ocrx_word' id='word_1_9' title='bbox 905 893 988 968; x_wconf 94' lang='lat' dir='ltr'>loco</span> <span class='ocrx_word' id='word_1_10' title='bbox 1004 891 1146 968; x_wconf 90' lang='lat' dir='ltr'>munito</span> 
     </span>
     <span class='ocr_line' id='line_1_3' title="bbox 159 1011 1145 1089; baseline -0.001 0"><span class='ocrx_word' id='word_1_11' title='bbox 159 1012 364 1089; x_wconf 76' lang='lat' dir='ltr'>consedisse.</span> <span class='ocrx_word' id='word_1_12' title='bbox 414 1017 495 1088; x_wconf 89' lang='lat' dir='ltr'>Nec</span> <span class='ocrx_word' id='word_1_13' title='bbox 511 1017 557 1088; x_wconf 85' lang='lat' dir='ltr'>ab</span> <span class='ocrx_word' id='word_1_14' title='bbox 573 1013 728 1088; x_wconf 90' lang='lat' dir='ltr'>ducibus</span> <span class='ocrx_word' id='word_1_15' title='bbox 750 1011 971 1088; x_wconf 88' lang='lat' dir='ltr'>mentionem</span> <span class='ocrx_word' id='word_1_16' title='bbox 999 1038 1145 1088; x_wconf 89' lang='lat' dir='ltr'>concor-</span> 
     </span>
     <span class='ocr_line' id='line_1_4' title="bbox 157 1129 1145 1231; baseline -0.001 -24"><span class='ocrx_word' id='word_1_17' title='bbox 157 1133 240 1207; x_wconf 83' lang='lat' dir='ltr'>diae</span> <span class='ocrx_word' id='word_1_18' title='bbox 265 1153 401 1220; x_wconf 75' lang='lat' dir='ltr'>ortam,</span> <span class='ocrx_word' id='word_1_19' title='bbox 427 1131 487 1207; x_wconf 84' lang='lat' dir='ltr'>sed</span> <span class='ocrx_word' id='word_1_20' title='bbox 512 1153 669 1230; x_wconf 86' lang='lat' dir='ltr'>repente,</span> <span class='ocrx_word' id='word_1_21' title='bbox 697 1157 813 1231; x_wconf 90' lang='lat' dir='ltr'>quum</span> <span class='ocrx_word' id='word_1_22' title='bbox 839 1131 878 1206; x_wconf 88' lang='lat' dir='ltr'>in</span> <span class='ocrx_word' id='word_1_23' title='bbox 893 1131 1005 1206; x_wconf 81' lang='lat' dir='ltr'>aciem</span> <span class='ocrx_word' id='word_1_24' title='bbox 1022 1129 1145 1206; x_wconf 88' lang='lat' dir='ltr'>armati</span> 
     </span>
     <span class='ocr_line' id='line_1_5' title="bbox 155 1249 1142 1349; baseline 0.001 -23"><span class='ocrx_word' id='word_1_25' title='bbox 155 1252 334 1329; x_wconf 81' lang='lat' dir='ltr'>exercitus</span> <span class='ocrx_word' id='word_1_26' title='bbox 364 1253 608 1349; x_wconf 81' lang='lat' dir='ltr'>proceffiffent,</span> <span class='ocrx_word' id='word_1_27' title='bbox 642 1249 884 1326; x_wconf 85' lang='lat' dir='ltr'>salutationem</span> <span class='ocrx_word' id='word_1_28' title='bbox 911 1249 1063 1326; x_wconf 66' lang='lat' dir='ltr'>faelem:</span> <span class='ocrx_word' id='word_1_29' title='bbox 1106 1257 1142 1328; x_wconf 86' lang='lat'>&amp;</span> 
     </span>
     <span class='ocr_line' id='line_1_6' title="bbox 155 1369 1142 1470; baseline 0.001 -26"><span class='ocrx_word' id='word_1_30' title='bbox 155 1369 354 1468; x_wconf 84' lang='lat' dir='ltr'>permixtos</span> <span class='ocrx_word' id='word_1_31' title='bbox 377 1373 515 1444; x_wconf 84' lang='lat' dir='ltr'>dextras</span> <span class='ocrx_word' id='word_1_32' title='bbox 534 1371 698 1470; x_wconf 86' lang='lat' dir='ltr'>jungere,</span> <span class='ocrx_word' id='word_1_33' title='bbox 723 1397 763 1445; x_wconf 86' lang='lat' dir='ltr'>ac</span> <span class='ocrx_word' id='word_1_34' title='bbox 787 1369 976 1466; x_wconf 73' lang='lat' dir='ltr'>complecti</span> <span class='ocrx_word' id='word_1_35' title='bbox 996 1370 1087 1444; x_wconf 89' lang='lat' dir='ltr'>inter</span> <span class='ocrx_word' id='word_1_36' title='bbox 1108 1370 1142 1446; x_wconf 89' lang='lat' dir='ltr'>se</span> 
     </span>
     <span class='ocr_line' id='line_1_7' title="bbox 154 1489 1139 1588; baseline 0.002 -26"><span class='ocrx_word' id='word_1_37' title='bbox 154 1489 377 1564; x_wconf 85' lang='lat' dir='ltr'>lacrimantes</span> <span class='ocrx_word' id='word_1_38' title='bbox 393 1490 522 1565; x_wconf 84' lang='lat' dir='ltr'><strong>milites</strong></span> <span class='ocrx_word' id='word_1_39' title='bbox 544 1489 705 1588; x_wconf 87' lang='lat' dir='ltr'>coepiffe,</span> <span class='ocrx_word' id='word_1_40' title='bbox 735 1489 942 1587; x_wconf 68' lang='lat' dir='ltr'>coactosque</span> <span class='ocrx_word' id='word_1_41' title='bbox 968 1489 1139 1578; x_wconf 84' lang='lat' dir='ltr'>consules,</span> 
     </span>
     <span class='ocr_line' id='line_1_8' title="bbox 158 1607 1140 1707; baseline 0 -24"><span class='ocrx_word' id='word_1_42' title='bbox 158 1633 277 1707; x_wconf 89' lang='lat' dir='ltr'>quum</span> <span class='ocrx_word' id='word_1_43' title='bbox 306 1609 468 1683; x_wconf 86' lang='lat' dir='ltr'>viderent</span> <span class='ocrx_word' id='word_1_44' title='bbox 499 1607 631 1683; x_wconf 77' lang='lat' dir='ltr'>aversor</span> <span class='ocrx_word' id='word_1_45' title='bbox 663 1636 685 1683; x_wconf 82' lang='lat' dir='ltr'>a</span> <span class='ocrx_word' id='word_1_46' title='bbox 719 1607 950 1684; x_wconf 81' lang='lat' dir='ltr'>dimicatione</span> <span class='ocrx_word' id='word_1_47' title='bbox 983 1609 1140 1684; x_wconf 84' lang='lat' dir='ltr'>militum</span> 
     </span>
     <span class='ocr_line' id='line_1_9' title="bbox 156 1728 1139 1818; baseline 0 -16"><span class='ocrx_word' id='word_1_48' title='bbox 156 1729 310 1818; x_wconf 84' lang='lat' dir='ltr'>animos,</span> <span class='ocrx_word' id='word_1_49' title='bbox 336 1728 488 1804; x_wconf 84' lang='lat' dir='ltr'>retuliffe</span> <span class='ocrx_word' id='word_1_50' title='bbox 504 1732 550 1804; x_wconf 86' lang='lat' dir='ltr'>ad</span> <span class='ocrx_word' id='word_1_51' title='bbox 566 1732 684 1803; x_wconf 83' lang='lat' dir='ltr'>Patres</span> <span class='ocrx_word' id='word_1_52' title='bbox 707 1731 753 1803; x_wconf 89' lang='lat' dir='ltr'>de</span> <span class='ocrx_word' id='word_1_53' title='bbox 777 1730 967 1806; x_wconf 84' lang='lat' dir='ltr'>concordia</span> <span class='ocrx_word' id='word_1_54' title='bbox 981 1728 1139 1804; x_wconf 90' lang='lat' dir='ltr'>reconci-</span> 
     </span>
     <span class='ocr_line' id='line_1_10' title="bbox 156 1847 1139 1946; baseline 0.001 -24"><span class='ocrx_word' id='word_1_55' title='bbox 156 1847 287 1924; x_wconf 85' lang='lat' dir='ltr'>lianda.</span> <span class='ocrx_word' id='word_1_56' title='bbox 354 1850 460 1924; x_wconf 86' lang='lat' dir='ltr'>Adeo</span> <span class='ocrx_word' id='word_1_57' title='bbox 500 1847 602 1936; x_wconf 90' lang='lat' dir='ltr'>nihil,</span> <span class='ocrx_word' id='word_1_58' title='bbox 651 1870 894 1946; x_wconf 85' lang='lat' dir='ltr'>praeterquam</span> <span class='ocrx_word' id='word_1_59' title='bbox 929 1847 1139 1924; x_wconf 84' lang='lat' dir='ltr'>seditionem</span> 
     </span>
     <span class='ocr_line' id='line_1_11' title="bbox 155 1967 1138 2069; baseline -0.002 -25"><span class='ocrx_word' id='word_1_60' title='bbox 155 1969 278 2058; x_wconf 83' lang='lat' dir='ltr'>fuisse,</span> <span class='ocrx_word' id='word_1_61' title='bbox 300 1993 451 2066; x_wconf 85' lang='lat' dir='ltr'>eamque</span> <span class='ocrx_word' id='word_1_62' title='bbox 467 1971 707 2069; x_wconf 80' lang='lat' dir='ltr'>compositam,</span> <span class='ocrx_word' id='word_1_63' title='bbox 734 1967 825 2042; x_wconf 88' lang='lat' dir='ltr'>inter</span> <span class='ocrx_word' id='word_1_64' title='bbox 839 1967 1004 2068; x_wconf 87' lang='lat' dir='ltr'>antiquos</span> <span class='ocrx_word' id='word_1_65' title='bbox 1022 1993 1138 2044; x_wconf 89' lang='lat' dir='ltr'>rerum</span> 
     </span>
     <span class='ocr_line' id='line_1_12' title="bbox 155 2086 1138 2183; baseline 0 -21"><span class='ocrx_word' id='word_1_66' title='bbox 155 2092 316 2163; x_wconf 71' lang='lat' dir='ltr'>auclores</span> <span class='ocrx_word' id='word_1_67' title='bbox 329 2087 474 2162; x_wconf 78' lang='lat' dir='ltr'>constat.</span> <span class='ocrx_word' id='word_1_68' title='bbox 501 2090 548 2162; x_wconf 89' lang='lat' dir='ltr'>Et</span> <span class='ocrx_word' id='word_1_69' title='bbox 573 2088 677 2183; x_wconf 87' lang='lat' dir='ltr'>hujus</span> <span class='ocrx_word' id='word_1_70' title='bbox 692 2086 788 2162; x_wconf 80' lang='lat' dir='ltr'>fama</span> <span class='ocrx_word' id='word_1_71' title='bbox 798 2086 990 2176; x_wconf 82' lang='lat' dir='ltr'>seditionis,</span> <span class='ocrx_word' id='word_1_72' title='bbox 1020 2093 1055 2162; x_wconf 75' lang='grc' dir='ltr'>δι</span> <span class='ocrx_word' id='word_1_73' title='bbox 1068 2086 1138 2162; x_wconf 89' lang='lat' dir='ltr'><strong>sus·</strong></span> 
     </span>
     <span class='ocr_line' id='line_1_13' title="bbox 157 2205 1138 2306; baseline -0.003 -23"><span class='ocrx_word' id='word_1_74' title='bbox 157 2229 304 2306; x_wconf 87' lang='lat' dir='ltr'>ceptum</span> <span class='ocrx_word' id='word_1_75' title='bbox 335 2233 420 2286; x_wconf 89' lang='lat' dir='ltr'>cum</span> <span class='ocrx_word' id='word_1_76' title='bbox 447 2205 664 2281; x_wconf 85' lang='lat' dir='ltr'>Samnitibus</span> <span class='ocrx_word' id='word_1_77' title='bbox 694 2233 798 2306; x_wconf 80' lang='lat' dir='ltr'>grave</span> <span class='ocrx_word' id='word_1_78' title='bbox 824 2209 973 2295; x_wconf 90' lang='lat' dir='ltr'>bellum,</span> <span class='ocrx_word' id='word_1_79' title='bbox 1000 2206 1138 2306; x_wconf 84' lang='lat' dir='ltr'>aliquot</span> 
     </span>
     <span class='ocr_line' id='line_1_14' title="bbox 156 2326 1139 2426; baseline 0.001 -25"><span class='ocrx_word' id='word_1_80' title='bbox 156 2329 310 2426; x_wconf 88' lang='lat' dir='ltr'>populos</span> <span class='ocrx_word' id='word_1_81' title='bbox 337 2330 382 2401; x_wconf 88' lang='lat' dir='ltr'>ab</span> <span class='ocrx_word' id='word_1_82' title='bbox 399 2329 565 2403; x_wconf 88' lang='lat' dir='ltr'>Romana</span> <span class='ocrx_word' id='word_1_83' title='bbox 581 2326 741 2400; x_wconf 82' lang='lat' dir='ltr'>societate</span> <span class='ocrx_word' id='word_1_84' title='bbox 757 2326 900 2401; x_wconf 85' lang='lat' dir='ltr'>avertit:</span> <span class='ocrx_word' id='word_1_85' title='bbox 930 2333 979 2414; x_wconf 73' lang='lat' dir='ltr'>a,</span> <span class='ocrx_word' id='word_1_86' title='bbox 1006 2347 1139 2424; x_wconf 81' lang='lat' dir='ltr'>praeter</span> 
     </span>
     <span class='ocr_line' id='line_1_15' title="bbox 156 2444 1136 2542; baseline -0.002 -20"><span class='ocrx_word' id='word_1_87' title='bbox 156 2446 370 2522; x_wconf 86' lang='lat' dir='ltr'>Latinorum</span> <span class='ocrx_word' id='word_1_88' title='bbox 399 2446 551 2522; x_wconf 82' lang='lat' dir='ltr'>infidum</span> <span class='ocrx_word' id='word_1_89' title='bbox 567 2447 643 2542; x_wconf 81' lang='lat' dir='ltr'>jam</span> <span class='ocrx_word' id='word_1_90' title='bbox 659 2445 723 2520; x_wconf 91' lang='lat' dir='ltr'>diu</span> <span class='ocrx_word' id='word_1_91' title='bbox 751 2445 890 2533; x_wconf 85' lang='lat' dir='ltr'>foedus,</span> <span class='ocrx_word' id='word_1_92' title='bbox 920 2444 1136 2522; x_wconf 85' lang='lat' dir='ltr'>Privernates</span> 
     </span>
     <span class='ocr_line' id='line_1_16' title="bbox 155 2563 1134 2664; baseline -0.004 -22"><span class='ocrx_word' id='word_1_93' title='bbox 155 2566 264 2642; x_wconf 88' lang='lat' dir='ltr'>etiam</span> <span class='ocrx_word' id='word_1_94' title='bbox 291 2569 452 2645; x_wconf 87' lang='lat' dir='ltr'>Norbam</span> <span class='ocrx_word' id='word_1_95' title='bbox 477 2587 584 2664; x_wconf 88' lang='lat' dir='ltr'>atque</span> <span class='ocrx_word' id='word_1_96' title='bbox 616 2565 759 2653; x_wconf 86' lang='lat' dir='ltr'>Setiam,</span> <span class='ocrx_word' id='word_1_97' title='bbox 788 2564 955 2639; x_wconf 86' lang='lat' dir='ltr'>finitimas</span> <span class='ocrx_word' id='word_1_98' title='bbox 979 2563 1134 2638; x_wconf 83' lang='lat' dir='ltr'>colonias</span> 
     </span>
    </p>
   </div>
   <div class='ocr_carea' id='block_1_3' title="bbox 154 2682 1024 2782">
    <p class='ocr_par' dir='ltr' id='par_1_3' title="bbox 154 2682 1024 2782">
     <span class='ocr_line' id='line_1_17' title="bbox 154 2682 1024 2782; baseline -0.007 -20"><span class='ocrx_word' id='word_1_99' title='bbox 154 2689 349 2774; x_wconf 80' lang='lat' dir='ltr'>Romanas,</span> <span class='ocrx_word' id='word_1_100' title='bbox 375 2683 569 2762; x_wconf 88' lang='lat' dir='ltr'>incurfione</span> <span class='ocrx_word' id='word_1_101' title='bbox 585 2683 699 2760; x_wconf 89' lang='lat' dir='ltr'>subita</span> <span class='ocrx_word' id='word_1_102' title='bbox 713 2683 918 2782; x_wconf 84' lang='lat' dir='ltr'>depopulati</span> <span class='ocrx_word' id='word_1_103' title='bbox 934 2682 1024 2757; x_wconf 88' lang='lat' dir='ltr'>sunt.</span> 
     </span>
    </p>
   </div>
   <div class='ocr_carea' id='block_1_4' title="bbox 0 0 1538 5342">
    <p class='ocr_par' dir='ltr' id='par_1_4' title="bbox 0 0 1538 5342">
     <span class='ocr_line' id='line_1_18' title="bbox 0 0 1538 5342; baseline 0 3"><span class='ocrx_word' id='word_1_104' title='bbox 0 0 1538 5342; x_wconf 95' lang='lat' dir='ltr'> </span> 
     </span>
    </p>
   </div>
  </div>
 </body>
</html>
