3067 5342
485 699 849 774 LrasrrVII.
1094 725 1163 800 233
1258 657 1262 664 Ι

187 886 213 920 “
231 873 296 963 eri,
325 875 427 970 cujus
456 875 567 948 dudu
598 872 827 972 auspicioque
856 872 1014 948 ineunda
1044 898 1167 973 pugna

187 1007 213 1040 “
231 999 282 1069 fia
332 997 468 1068 Utrum
491 994 555 1093 qui
579 994 781 1070 audiendus
809 995 981 1068 duntaxat
1003 993 1165 1093 magnifi-

187 1126 213 1158 “
232 1141 295 1188 cus
320 1116 522 1188 adhortator
544 1118 596 1203 fit,
631 1113 748 1188 verbis
774 1135 913 1203 tantum
944 1112 1057 1202 ferox,
1083 1139 1167 1212 ope-

146 1259 151 1272 ·
187 1245 214 1279 “
231 1260 312 1308 mm
342 1233 552 1308 militarium
582 1260 705 1332 expers
717 1267 730 1322 3
774 1261 819 1308 an
850 1232 914 1332 qui
941 1237 975 1306 ἃ
1000 1232 1071 1332 ipse
1100 1235 1170 1308 tela

188 1366 214 1397 ‘⁴
233 1358 389 1443 tractare,
421 1356 612 1452 procedere
643 1375 723 1428 ante
755 1357 863 1452 signa,
897 1351 1020 1427 versari
1050 1353 1169 1430 media

188 1485 215 1518 ‘⁶
232 1473 272 1547 in
294 1476 389 1549 mole
416 1501 558 1574 pugnae
575 1473 669 1548 sciat.
719 1475 828 1548 Facta
846 1499 938 1560 mea,
969 1499 1042 1548 non
1060 1473 1168 1562 dieta,

189 1605 215 1638 “
233 1620 309 1681 vos,
343 1593 509 1682 milites,''
540 1592 672 1691 inquit,
699 1603 724 1637 “
743 1591 842 1692 sequi
868 1595 951 1668 volo
958 1625 970 1680 3
1006 1620 1072 1668 nec
1099 1593 1168 1669 dis-

189 1726 214 1758 “
233 1713 401 1811 ciplinam
428 1715 552 1800 modo,
577 1713 638 1788 sed
664 1715 869 1812 exemplum
899 1710 1019 1801 etiam,
1065 1739 1170 1789 ame

189 1845 215 1877 “
234 1855 363 1931 petere.
413 1837 501 1909 Non
523 1831 737 1908 faPrionibus
756 1835 868 1909 modo
885 1845 954 1908 nec'
966 1858 1029 1932 per
1046 1831 1170 1909 coitio-

189 1964 295 2026 “nes
323 1957 461 2027 ufitatas
486 1952 679 2043 nobilibus,
715 1953 776 2028 sed
806 1957 873 2028 hac
904 1956 1040 2043 dextra,
1077 1953 1168 2030 mihi

190 2085 303 2148 “tres
344 2071 542 2147 consulatus
571 2072 819 2171 summamque
856 2075 1001 2148 laudem
1038 2074 1170 2174 peperi.

190 2205 216 2238 “
235 2192 334 2280 Fuit,
365 2219 481 2292 quum
501 2195 570 2267 hoc
594 2192 668 2267 dici
694 2213 850 2292 poterat:
881 2194 1053 2271 Patricius
1075 2193 1172 2270 enim

190 2324 217 2358 “
236 2339 321 2400 eras,
356 2317 389 2385 δι
417 2311 705 2388 aliberatoribus
727 2313 857 2412 patriae
884 2335 998 2390 ortusr
1035 2319 1084 2403 δι,
1112 2340 1172 2388 eo·

191 2433 321 2506 “dem
347 2457 441 2506 anno
465 2431 599 2506 familia
626 2431 690 2506 ista
715 2433 950 2524 consulatum,
991 2461 1065 2533 quo
1087 2437 1173 2509 urbs

191 2563 217 2596 “
235 2554 322 2625 haec
344 2549 539 2640 consulem,
570 2551 706 2627 habuit.
755 2557 866 2628 Nunc
883 2555 959 2650 jam
983 2552 1087 2628 nobis
1107 2556 1172 2629 Pa-

191 2683 218 2718 “
237 2672 348 2748 tribus
369 2670 542 2770 vobisque
568 2671 714 2769 plebejis
730 2672 950 2770 promiscuus
973 2671 1173 2746 consulatus

191 2803 218 2836 “
236 2812 356 2890 patet3
401 2818 466 2866 nec
493 2789 642 2890 generis,
675 2815 719 2866 ut
743 2814 836 2881 ante,
861 2792 922 2866 sed
949 2790 1090 2866 virtutis
1123 2789 1174 2864 est

193 2909 447 3009 “praemium
497 2912 652 2987 Proinde
676 2911 856 2986 summum
880 2913 1052 3010 quodque
1079 2909 1174 3009 spec·

192 3041 218 3073 “
236 3052 319 3119 rate,
356 3030 500 3120 milites,
547 3032 667 3106 decus.
717 3035 817 3120 Non,
859 3036 883 3106 fi
915 3030 1005 3106 mihi
1037 3056 1173 3106 novum

194 3159 220 3193 “
239 3151 308 3224 hoc
324 3149 432 3224 Corvi
460 3177 660 3250 cognomen
688 3151 769 3227 Diis
786 3151 988 3228 audoribus
1011 3151 1174 3226 homines

195 3269 397 3344 “dedistis
471 3271 739 3346 Publicolarum
788 3271 969 3348 vetustum
1017 3271 1171 3347 familiae

195 3390 373 3463 “nostrae
400 3416 602 3490 cognomen
630 3389 803 3465 memoria
831 3395 981 3468 exceffit.
1031 3395 1175 3492 Semper

195 3520 307 3609 “ego
335 3511 477 3607 plebem
501 3513 703 3584 Romanam
726 3510 873 3586 militiae
887 3511 1074 3610 domique,
1104 3513 1174 3612 pri-

195 3640 221 3674 “
239 3649 352 3717 vatus,
370 3629 407 3704 in
421 3628 679 3729 magistratibus
689 3629 805 3727 parvis
817 3630 1038 3733 magnisque,
1063 3657 1175 3733 aeque
1233 3619 1237 3626 ⁴

196 3759 221 3794 “
239 3749 595 3838 tribunusacconsul,
606 3751 734 3825 eodem
743 3770 864 3826 tenore
874 3777 937 3850 per
946 3736 1174 3827 omnesdein-
1196 3737 1202 3752 ⁸

196 3879 221 3913 “
238 3896 322 3967 ceps
339 3869 551 3958 consulatus,
579 3872 659 3946 colo
675 3891 783 3967 atque
796 3869 903 3945 colui.
933 3873 1057 3958 Nunc,
1075 3874 1176 3969 quod

181 3999 221 4081 ‚“
240 3988 354 4076 instat,
369 3987 451 4064 Diis
461 3993 553 4064 bene
559 3989 780 4087 juvantibus,
795 4015 930 4065 novum
942 4009 1048 4094 atque
1061 3989 1174 4090 integ-

197 4117 222 4158 “
239 4135 320 4185 rum
333 4111 379 4186 de
395 4109 612 4186 Samnitibus
628 4109 852 4208 triumphum
865 4135 1009 4190 mecum
1022 4108 1165 4209 petite.'’
