3067 5342
482 691 713 763 Lrnrn
770 687 816 762 V.
1103 708 1148 784 37

162 865 288 942 abesse.
340 863 413 938 His
448 864 717 938 tumultuosiora
749 865 905 949 Romae,
929 860 1006 956 jam
1039 860 1149 934 castra

162 987 210 1060 ad
228 985 333 1081 Vejos
356 981 570 1084 obpugnari,
595 984 670 1080 jam
695 1003 831 1080 partem
848 979 1005 1054 hostium
1023 983 1146 1055 tende·

159 1131 197 1180 re
221 1105 267 1178 ad
293 1106 421 1179 urbem
444 1103 586 1203 agmine
616 1101 755 1192 infest0,
787 1089 1027 1176 crediderant:
1060 1127 1144 1176 con·

160 1225 378 1322 cursumque
406 1222 444 1297 in
467 1249 589 1298 muros
615 1221 677 1311 est,
710 1227 743 1297 ὅτ
768 1243 1023 1310 matronarum,
1055 1249 1144 1321 quas

158 1371 205 1420 ex
234 1345 346 1419 domo
374 1344 574 1419 conciverat
604 1343 771 1442 publicus
783 1341 922 1442 pavor,
958 1340 1142 1418 obsecrati·

156 1491 245 1540 unes
262 1463 300 1538 in
318 1462 459 1564 templis
479 1463 607 1537 fadaer
642 1460 877 1561 precibusque
901 1466 947 1537 ab
975 1461 1055 1536 Diis
1080 1489 1141 1560 pe-

157 1583 280 1673 titum,
306 1609 348 1659 ut
374 1583 526 1658 exitium
553 1587 598 1658 ab
614 1581 713 1657 urbis
740 1581 840 1657 tedis
868 1581 1077 1681 templisque
1100 1609 1141 1658 ac

153 1704 349 1780 moenibus
362 1703 537 1778 Romanis
554 1725 722 1791 arcerent,
742 1700 917 1800 Vejosque
934 1728 1019 1776 eum
1045 1729 1139 1776 aver·

153 1846 269 1899 terent
281 1846 462 1912 terrorem,
488 1827 511 1897 fi
528 1822 620 1898 sacra
637 1842 802 1897 renovata
811 1822 889 1911 rite,
915 1827 938 1896 s1
953 1846 1139 1922 procurata

150 1945 320 2046 prodigia
336 1947 454 2020 essent.

156 2077 158 2083 ‘
204 2068 309 2141 XIX.
343 2068 426 2161 Jam
452 2064 530 2139 ludi
554 2062 776 2162 Latinaeque
795 2059 1002 2139 instauratae
1019 2086 1134 2140 etant:

145 2184 223 2284 jani
240 2213 285 2259 ex
302 2187 383 2259 lacu
402 2187 547 2261 Albano
570 2211 664 2284 aqua
685 2184 805 2259 emissa
821 2183 858 2258 in
875 2211 989 2284 agros,
1017 2185 1136 2282 Vejos-

150 2333 224 2405 que
242 2305 313 2380 sata
325 2307 549 2404 adpetebant.
598 2305 725 2404 Igitur,
752 2305 864 2379 fatalis
882 2307 959 2380 dux
975 2307 1021 2380 ad
1038 2305 1134 2381 exci-

149 2426 255 2500 dium
279 2425 374 2500 illius
397 2426 494 2501 urbis
511 2425 771 2524 servandaeque
799 2425 942 2524 patriae,
976 2429 1035 2501 M.
1062 2429 1134 2499 Fu-

147 2546 223 2622 rius
241 2545 414 2621 Camillus
442 2544 591 2620 dictator
609 2545 725 2620 dietus
743 2546 951 2645 magistrum
968 2544 1134 2644 equitum

148 2671 191 2742 P.
212 2665 422 2741 Cornelium
451 2665 654 2764 Scipionem
686 2664 790 2740 dixit.
840 2664 975 2739 Omnia
990 2688 1133 2765 repente

146 2808 346 2861 mutaverat
379 2786 568 2884 imperator
597 2807 766 2861 mutatus.
817 2784 900 2860 Alia
923 2784 1012 2884 spes,
1042 2785 1132 2860 alius

145 2907 290 2982 animus
307 2907 510 2995 hominum,
537 2905 679 2981 fortuna
704 2931 851 3006 quoque
877 2905 944 2979 alia
961 2905 1060 2979 urbis
1076 2905 1130 2979 vi·

144 3027 235 3101 deri.
285 3027 462 3101 Omnium
485 3026 644 3126 primum
672 3026 708 3100 in
740 3053 812 3115 eos,
845 3025 909 3124 qui
936 3023 1069 3120 aVejis
1092 3024 1129 3099 in

144 3149 208 3223 illo
236 3173 363 3248 pavore
381 3147 556 3247 fugerant,
590 3170 689 3221 more
707 3144 849 3221 militari
866 3143 1126 3233 animadvertit,

143 3266 349 3366 effecitque,
368 3294 411 3342 ne
423 3267 529 3342 hostis
543 3267 698 3342 maxime
715 3266 895 3340 timendus
912 3264 1019 3338 militi
1035 3268 1127 3341 effet.

142 3388 304 3475 Deinde,
340 3386 476 3461 indicto
509 3388 647 3462 deledlu
682 3387 719 3461 in
748 3386 845 3461 diem
875 3407 1021 3473 certam,
1056 3385 1127 3485 ipse

140 3507 286 3583 interim
310 3509 415 3604 Vejos
445 3509 490 3582 ad
515 3509 776 3582 confirmandos
803 3505 960 3581 militum
987 3505 1126 3582 animos

139 3627 360 3703 intercurrit:
396 3627 479 3702 inde
501 3631 658 3701 Romam
680 3629 725 3700 ad
742 3625 970 3702 scribendum
986 3653 1124 3710 novum

139 3746 340 3823 exercitum
357 3747 461 3835 redit,
485 3749 584 3820 nullo
602 3748 815 3821 detrectante
829 3746 1004 3822 militiam.
1055 3751 1120 3822 Pe-

138 3867 281 3968 regrina
307 3867 414 3942 etiam
425 3869 608 3963 juventus,
638 3865 760 3940 Latini
777 3866 1019 3965 Hernicique,
1037 3895 1120 3972 ope-

137 4016 214 4063 ram
231 3987 330 4062 suam
343 3988 549 4087 pollicentes
565 3989 611 4060 ad
628 3986 667 4060 id
684 3988 833 4075 bellum,
860 4014 1003 4062 venere:
1037 3987 1118 4086 qui·

138 4111 207 4184 bus
224 4134 341 4206 quum
369 4108 495 4208 gratias
520 4107 559 4180 in
575 4105 695 4182 senatu
713 4106 834 4206 egiffet
851 4105 1013 4198 dictator,
1040 4107 1118 4185 satis
