3067 5342
471 661 801 738 LtssrtV.
1067 693 1139 762 -41

155 833 218 910 sua
230 858 407 925 evocatos,
425 837 581 912 hostium
598 842 730 938 templa
742 838 920 938 novasque
934 836 1032 913 sedes
1044 837 1140 937 spec-

152 978 239 1047 tare,
253 956 360 1054 seque
370 958 542 1033 ultimum
553 959 656 1034 illum
667 958 764 1034 diem
775 985 876 1058 agere
884 991 897 1046 ;
911 957 1002 1032 nihil
1018 959 1139 1034 minus

153 1078 332 1166 timentes,
351 1105 461 1178 quam
478 1078 631 1155 subrutis
642 1078 812 1154 cuniculo
822 1078 1011 1153 moenibus
1021 1107 1139 1156 arcem

146 1199 225 1296 jarn
238 1201 381 1297 plenam
399 1199 556 1274 hostium
569 1202 649 1288 effe,
667 1198 704 1272 in
721 1225 843 1273 mutos
858 1225 923 1296 pro
938 1198 971 1274 se
988 1199 1139 1299 quisque

152 1318 279 1394 armati
306 1319 507 1395 discurrunt
518 1353 530 1408 3
568 1319 734 1394 mirantes
767 1318 943 1416 quidnam
974 1319 1014 1395 id
1042 1325 1138 1411 esset,

153 1441 270 1539 quod,
293 1466 409 1538 quum
433 1461 486 1514 tot
502 1465 565 1538 per
587 1439 662 1513 dies
685 1466 792 1514 nemo
810 1439 844 1513 se
866 1444 912 1514 ab
929 1440 1139 1518 stationibus

150 1561 328 1636 Romanis
338 1561 512 1649 movisset,
527 1581 620 1647 tum,
631 1562 730 1634 velut
740 1558 926 1659 repentino
935 1559 1135 1651 iuifurore,

152 1679 333 1781 inprovidi
347 1704 526 1758 currerent
538 1684 584 1756 ad
598 1707 730 1756 muros.
778 1680 944 1756 Inseritur
955 1681 1042 1756 huic
1058 1686 1138 1758 loco

151 1800 288 1876 fabular
310 1801 504 1877 inmolante
520 1829 601 1902 rege
619 1801 838 1899 Vejentium,
857 1829 985 1877 vocem
1002 1802 1135 1902 aruspi-

152 1919 204 1996 eis
217 1921 383 2011 dicentis,
402 1933 428 1966 ‘⁴
447 1921 511 2021 qui
526 1924 600 2019 ejus
613 1922 745 1997 hostiae
759 1945 842 1996 exta
852 1921 1088 2021 prosecuisset,
1102 1925 1137 2000 ei

153 2053 178 2087 ‘⁴
196 2043 381 2118 visloriam
396 2044 508 2132 dari,'’
522 2043 727 2118 exauditam
740 2041 779 2116 in
792 2041 975 2130 cunicu10,
989 2045 1135 2120 movisse

152 2167 338 2240 Romanos
369 2165 514 2254 milites,
553 2186 607 2254 ut,
640 2167 806 2262 adaperto
837 2165 1020 2254 cuniculo,
1055 2188 1137 2241 exta

151 2308 322 2385 raperent,
350 2288 444 2361 &ad
461 2285 669 2360 distatorem
695 2286 834 2360 ferrent.
884 2285 954 2358 Sed
976 2285 1015 2361 in
1031 2289 1135 2363 rebus

156 2429 228 2481 tam
245 2407 415 2504 antiquis,
436 2410 474 2492 si,
498 2432 590 2504 quae
615 2406 738 2481 similia
759 2406 833 2482 veri
856 2409 933 2495 sint,
956 2433 1021 2506 pto
1042 2405 1133 2482 veris

149 2526 380 2627 accipiantur,
392 2527 470 2602 satis
480 2529 641 2602 habeam.
671 2529 789 2615 Haec,
807 2529 854 2600 ad
864 2525 1134 2602 ostentationem

150 2647 285 2736 scenae,
320 2647 507 2748 gaudentis
540 2645 732 2735 miraculis,
770 2646 917 2744 aptiora,
947 2673 1058 2744 quam
1086 2647 1133 2722 ad

149 2769 273 2857 fidem,
292 2794 409 2866 neque
426 2769 622 2855 adfirmare,
641 2792 758 2864 neque
776 2767 931 2840 refellere
944 2767 994 2840 est
1006 2793 1131 2866 operae

148 2888 315 2986 pretium.
365 2887 579 2976 Cuniculus,
610 2887 756 2962 deleslis
779 2886 954 2961 militibus
975 2911 1019 2959 eo
1041 2907 1131 2960 tem-

148 3035 233 3106 pore
248 3011 387 3107 plenus,
413 3009 555 3082 inaede
578 3007 746 3103 Junonis,
770 3034 861 3106 quae
879 3005 918 3080 in
939 3006 1134 3102 Vejentana

148 3155 225 3202 arce
242 3150 327 3217 erat,
345 3151 495 3204 armatos
507 3150 650 3226 repente
667 3128 794 3203 edidit.
845 3131 893 3201 Et
908 3153 985 3225 pars
996 3125 1131 3200 aversos

151 3249 188 3322 in
216 3249 329 3323 muris
346 3249 521 3324 invadunt
537 3250 673 3324 hostes:
702 3275 778 3347 pars
794 3247 942 3323 claustra
956 3268 1134 3344 portarum

145 3371 339 3442 revellunt:
368 3395 458 3466 pars,
482 3395 598 3467 quum
621 3395 666 3443 ex
690 3368 790 3444 tedlis
814 3368 893 3443 saxa
917 3367 1131 3466 tegulaeque

144 3489 385 3564 amulieribus
398 3516 438 3564 ac
453 3488 598 3563 servitiis
611 3490 825 3585 jacerentur,
843 3489 1000 3563 inserunt
1016 3486 1128 3586 ignes.

144 3611 291 3684 Clamor
322 3608 443 3683 omnia
476 3607 578 3682 variis
606 3609 814 3686 terrentium
849 3637 891 3684 ac
921 3609 1130 3707 paventium

142 3729 307 3818 vocibus,
331 3729 447 3804 mixto
472 3729 664 3803 mulierum
691 3757 731 3805 ae
761 3756 953 3830 puerorum
973 3731 1127 3826 ploratu,

144 3853 312 3949 complet.
346 3851 539 3924 Momento
573 3851 742 3949 temporis
772 3851 915 3948 dejedtis
948 3876 993 3923 ex
1024 3877 1129 3925 muro

143 3969 308 4068 undique
324 3970 478 4060 armatis,
505 3970 755 4070 patefaslisque
779 3971 902 4070 portis,
936 3997 1051 4070 quum
1070 3971 1129 4045 alii

146 4089 285 4189 agmine
304 4088 497 4180 inruerent,
520 4091 580 4166 alii
599 4090 750 4168 desertos
769 4091 975 4188 scanderent
991 4120 1126 4185 muros,
