3067 5342
414 712 826 792 .Lrnr·:nVl.
1079 736 1144 811 ¹59

44 902 47 907 ’
165 888 312 976 Furius,
343 894 390 962 A.
406 888 582 976 Manlius,
616 892 687 965 Ser.
703 886 897 986 Sulpicius,
925 891 996 963 Ser.
1014 890 1147 963 Corne-

163 1008 248 1097 lius,
274 1013 315 1083 P.
334 1014 368 1083 δι
397 1012 439 1083 C.
464 1002 608 1097 Valerii,
635 1012 916 1107 haudquaquam
933 1030 1003 1083 tam
1023 1008 1148 1082 obedi-

165 1152 285 1203 entem
302 1128 340 1202 in
365 1130 518 1217 delectu,
545 1156 655 1228 quam
668 1130 707 1203 in
731 1128 898 1215 comitiis,
922 1130 1064 1226 plebem
1088 1132 1149 1201 ha-

165 1254 291 1325 buere:
330 1248 540 1348 ingentique
573 1248 802 1323 contentione
828 1248 987 1323 exercitu
1022 1248 1149 1347 scripto

166 1368 328 1467 profesti,
346 1396 420 1442 non
433 1372 478 1445 ab
488 1368 648 1443 Tusculo
657 1370 769 1444 modo
779 1367 987 1443 submovere
998 1368 1148 1455 hostem,

168 1488 227 1563 sed
240 1488 332 1562 intra
348 1487 483 1562 suamet
499 1488 614 1587 ipsum
626 1470 767 1564 moenia
782 1490 997 1585 compulere.
1048 1490 1149 1563 Obsr·

167 1610 416 1705 debanturque
449 1610 547 1681 haud
581 1611 701 1706 paullo
741 1609 778 1682 vi
819 1609 947 1704 majore
982 1606 1148 1697 Velitrae,

168 1754 279 1825 quam
301 1726 503 1801 Tusculum
523 1727 696 1802 obsessum
718 1728 847 1803 suerat:
877 1754 942 1803 nec
970 1749 1089 1803 tamen
1104 1732 1151 1803 ab

170 1846 234 1935 eis,
263 1846 441 1944 aquibus
475 1847 623 1922 obsideri
646 1871 790 1945 coeptae
817 1870 926 1936 erant,
954 1848 1151 1947 expugnari

167 1988 326 2065 potuere.
377 1974 474 2041 Ante
492 1967 576 2041 novi
593 1967 698 2042 creati
716 1967 797 2045 sunt
819 1968 953 2044 tribuni
977 1968 1149 2056 militum,

169 2093 228 2188 Q
249 2086 430 2174 Servilius,
461 2090 503 2161 C.
531 2088 712 2176 Veturius,
747 2093 794 2162 A.
824 2094 858 2162 δι·
890 2092 949 2163 Μ.
980 2088 1152 2176 Cornelii,

168 2206 442 2308 QQrinslius,
469 2210 527 2281 M.
556 2208 699 2282 Fabius.
748 2208 853 2281 Nihil
869 2234 913 2283 ne
936 2211 980 2282 ab
998 2208 1052 2283 his
1069 2208 1150 2307 qui·
1177 2196 1179 2201 ⁵

169 2330 255 2401 dem
288 2326 442 2403 tribunis
476 2329 522 2400 ad
554 2327 701 2401 Velitras
736 2328 966 2403 memorabile
1005 2328 1151 2403 factum.

168 2451 213 2521 In
230 2448 360 2543 majore
377 2445 580 2521 discrimine
597 2447 697 2522 domi
721 2474 773 2521 res
796 2452 1036 2522 vertebantur:
1069 2474 1151 2522 nam

169 2590 306 2668 praeter
322 2567 484 2642 Sextium
508 2567 769 2667 Liciniumque
782 2570 906 2642 latores
919 2571 1055 2667 legum,
1075 2570 1152 2665 jam

169 2692 338 2763 octavum
354 2688 516 2763 tribunos
534 2688 648 2786 plebis
670 2687 829 2775 refertos,
858 2688 989 2762 Fabius
1006 2713 1152 2786 quoque

170 2809 336 2885 tribunus
354 2809 525 2896 militum,
557 2807 710 2883 Stolonis
726 2807 833 2895 socer,
859 2833 1011 2906 quarum
1030 2809 1152 2906 legum

171 2932 293 3004 austor
319 2928 446 3016 fuerat,
477 2955 598 3002 eamm
615 2928 788 3003 suasorem
813 2927 846 3001 se
873 2929 970 3002 haud
996 2927 1153 3002 dubium

172 3049 315 3123 serebat.
367 3052 427 3135 Et,
456 3075 571 3147 quum
598 3052 680 3121 osto
697 3075 742 3122 ex
758 3047 909 3146 collegio
927 3047 1153 3121 tribunorum

174 3168 287 3267 plebis
303 3167 419 3267 primo
449 3167 685 3242 intercessores
715 3169 837 3266 legum
862 3166 1016 3254 fuissent,
1048 3166 1153 3264 quin-

174 3317 244 3389 que
256 3288 319 3363 soli
333 3310 446 3363 erant:
482 3294 516 3362 ἃ
546 3292 604 3385 (ut
616 3287 724 3362 ferme
735 3286 858 3376 solent,
891 3293 954 3385 qui
972 3314 993 3361 a
1009 3284 1078 3361 suis
1091 3288 1153 3361 de·

174 3408 338 3503 sciscunt)
374 3409 481 3507 capti,
508 3413 543 3481 δι
560 3408 737 3505 stupentes
754 3407 878 3496 animi,
906 3408 1054 3482 vocibus
1072 3406 1154 3479 alie-

175 3529 228 3604 nis
245 3530 285 3603 id
302 3531 424 3616 modo,
449 3530 550 3628 quod
563 3527 663 3602 domi
681 3548 909 3626 praeceptum
929 3550 1014 3615 erat,
1048 3526 1155 3601 inter-

176 3650 315 3723 ceffioni
333 3648 412 3723 suae
435 3650 726 3746 praetendebant:
762 3657 787 3690 “
808 3646 950 3721 Velitris
967 3648 1004 3721 in
1021 3648 1155 3723 exerci-

176 3782 201 3815 “
219 3794 258 3843 tu
277 3770 391 3869 plebis
406 3794 572 3868 magnam
591 3790 726 3867 partem
747 3768 876 3841 abeffe:
905 3766 943 3841 in
960 3769 1155 3842 adventum

177 3890 377 3966 “militum
407 3889 553 3965 comitia
582 3887 713 3962 differri
740 3888 884 3975 debere,
926 3908 969 3961 ut
996 3885 1157 3961 universa

178 4014 338 4110 “plebes
376 4012 421 4084 de
451 4008 520 4085 suis
550 4007 751 4084 commodis
785 4004 989 4105 suffragium
1019 4006 1157 4083 ferret.”

178 4130 315 4207 Sextius
344 4127 594 4228 Liciniusque,
622 4154 707 4203 cum
736 4148 833 4224 parte
864 4128 1094 4227 collegarum,
1121 4132 1156 4203 δι
