3067 5342
370 654 436 728 168
698 651 1014 724 T.Lrv11

366 829 393 862 “
411 845 503 919 quae
528 821 673 896 tandem
693 819 758 896 ista
780 845 912 897 merces
938 819 1000 908 est,
1031 843 1105 917 qua
1127 843 1189 892 vos
1214 813 1346 912 semper

368 938 573 1014 “tribunos
600 939 715 1038 plebis
738 943 958 1016 habeamus?
988 960 1030 1013 ut
1054 937 1265 1038 rogationes,
1294 933 1347 1008 in-

367 1068 393 1105 “
412 1058 506 1156 quit,
530 1060 675 1148 nostras,
702 1058 761 1134 seu
793 1061 946 1158 placent,
975 1059 1034 1134 seu
1064 1057 1266 1156 displicent,
1290 1052 1348 1128 seu

368 1189 394 1223 “
412 1178 530 1269 utiles,
543 1177 601 1255 seu
619 1179 762 1256 inutiles
776 1179 869 1268 sunt,
886 1205 1009 1258 omnes
1022 1175 1241 1275 conjunctim
1258 1174 1348 1252 acci·

368 1310 395 1344 “
411 1299 527 1400 piatis.
576 1299 735 1377 Obsecro
755 1327 832 1390 vos,
860 1299 1051 1399 Tarquinii
1069 1296 1205 1373 tribuni
1222 1294 1348 1394 plebis,
1375 1332 1396 1338 ··

369 1430 396 1465 ‘⁶
413 1441 536 1518 putate
553 1447 611 1494 me
628 1447 673 1495 ex
691 1421 811 1496 media
822 1419 995 1496 concione
1005 1445 1123 1494 unum
1138 1416 1256 1492 civem
1269 1414 1350 1491 sub·

369 1551 395 1584 “
413 1541 584 1616 clamares
612 1543 712 1615 Bona
726 1539 831 1616 venia
846 1541 957 1615 vestra
973 1540 1079 1615 liceat
1092 1565 1138 1612 ex
1150 1538 1207 1612 his
1223 1535 1350 1636 rogati-

370 1659 542 1735 “onibus
567 1660 696 1759 legere,
731 1685 820 1758 quas
852 1659 1003 1734 salubres
1032 1657 1136 1734 nobis
1167 1657 1350 1734 censemus

371 1791 397 1824 ‘⁶
414 1780 482 1854 esse
494 1813 506 1866 3
539 1779 725 1878 antiquare
759 1779 854 1854 alias.
918 1783 1018 1866 Non,
1053 1777 1185 1877 inquit,
1218 1774 1351 1852 licebit.

372 1909 397 1944 “
415 1902 477 1974 Tu
499 1901 545 1974 de
562 1898 705 1974 foenore
722 1922 829 1998 atque
845 1898 950 2000 agris,
975 1901 1076 1998 quod
1088 1901 1135 1973 ad
1152 1925 1215 1974 vos
1228 1923 1352 1972 omnes

371 2029 397 2064 “
415 2018 581 2116 pertinet,
589 2021 743 2116 jubeas,
766 2023 802 2094 ὅτ
818 2021 887 2094 hoc
903 2019 1057 2117 portenti
1075 2045 1147 2095 non
1165 2021 1227 2092 fiat
1242 2017 1280 2091 in
1292 2043 1352 2092 ur·

371 2148 396 2182 “
416 2142 460 2213 be
478 2142 656 2226 Romana,
679 2138 734 2214 uti
750 2141 798 2214 L.
812 2139 973 2214 Sextium
989 2161 1097 2240 atque
1113 2143 1210 2214 hunc
1225 2141 1269 2214 C.
1286 2136 1352 2212 Li·

372 2268 397 2300 “
417 2256 555 2332 cinium
573 2256 745 2345 consules,
762 2261 865 2357 quod
879 2258 1086 2360 indignaris,
1100 2261 1202 2359 quod
1214 2255 1352 2333 abomi-

372 2388 398 2421 “
416 2375 521 2465 naris,
534 2375 680 2454 videas?
694 2383 774 2453 Aut
787 2379 909 2454 omnia
924 2380 1067 2480 accipe:
1086 2400 1148 2454 aut
1160 2377 1250 2453 nibil
1264 2375 1351 2452 sero,

373 2507 399 2542 ‘⁶
418 2499 508 2572 Utsr
522 2495 602 2594 quis
615 2495 662 2585 ei,
676 2524 787 2597 quem
796 2522 948 2599 urgueat
960 2499 1083 2588 sames,
1099 2523 1279 2574 venenum
1289 2523 1353 2595 po-

372 2627 398 2660 “
417 2636 478 2692 nat
496 2643 581 2692 cum
598 2615 681 2692 cibo
688 2649 700 2706 3
735 2622 769 2694 δι
787 2639 847 2693 aut
865 2619 1036 2695 abstinere
1052 2645 1109 2708 eo,
1132 2621 1232 2718 quod
1248 2617 1353 2692 vitale

372 2746 397 2781 “
415 2739 468 2825 stt,
493 2738 631 2834 jubeat,
670 2759 733 2812 aut
762 2738 987 2815 mortiferum
1017 2738 1115 2815 vitali
1153 2738 1352 2814 admisceat.

371 2865 398 2900 ‘⁸
418 2859 528 2955 Ergo,
555 2861 578 2932 fi
604 2859 686 2934 effer
711 2859 821 2936 libera
842 2858 1082 2948 haeccivitas,
1105 2886 1177 2934 non
1200 2857 1265 2933 tibi
1285 2857 1351 2934 fre-

374 2986 400 3019 “
419 2999 567 3074 quantes
583 2977 874 3054 subclamassem?
901 2979 976 3054 Abi
993 2977 1078 3054 hinc
1094 3004 1180 3056 cunr
1196 2977 1353 3054 tribuna-

374 3106 400 3138 “
418 3095 515 3171 tibus
541 3124 582 3173 ac
608 3098 852 3196 rogationibus
875 3099 957 3173 tuis.
1006 3099 1136 3201 Quid?
1165 3102 1252 3174 sttu
1280 3123 1353 3172 non

374 3225 399 3257 “
417 3215 551 3304 tuleris,
577 3219 678 3314 quod
704 3221 940 3295 commodum
960 3219 1010 3294 est
1028 3221 1165 3318 populo
1180 3216 1352 3316 accipere,

374 3345 400 3378 “
419 3360 525 3408 nemo
539 3335 617 3422 erit,
641 3335 706 3434 qui
724 3335 810 3412 serat
823 3337 942 3412 illud?
971 3339 1007 3412 Si
1023 3337 1104 3437 quis
1118 3339 1299 3436 patricius,
1330 3343 1353 3414 sr

375 3463 401 3496 “
419 3450 501 3548 quis
517 3455 634 3550 (quod
650 3453 701 3526 ilii
719 3458 845 3532 volunt
860 3457 1066 3534 invidiosius
1079 3461 1161 3554 effe)
1181 3460 1355 3535 Claudius

375 3581 400 3614 “
419 3570 566 3658 diceret,
585 3577 663 3646 Aut
675 3575 796 3650 omnia
808 3577 972 3677 accipite,
989 3599 1051 3654 aut
1060 3577 1150 3654 nihil
1159 3577 1255 3668 fer03
1274 3582 1355 3681 quis

376 3701 401 3736 “
419 3689 586 3780 vcstrfim,
609 3693 781 3793 Qirites,
798 3695 924 3774 ferret?
949 3703 1210 3798 Numquamne
1226 3729 1290 3778 vos
1302 3728 1355 3778 res

376 3822 401 3856 ‘⁴
418 3809 551 3910 potius,
574 3837 684 3910 quarn
708 3817 883 3906 auctores,
906 3818 1129 3917 spesiabitis?
1161 3822 1220 3898 sed
1234 3822 1356 3898 omnia

375 3943 402 3976 “
419 3931 566 4030 semper,
579 3959 671 4031 quae
687 3936 908 4036 magistratus
922 3939 981 4014 ille
994 3941 1103 4032 dicet,
1118 3942 1280 4018 secundis
1293 3971 1354 4018 au-

374 4062 399 4095 “
418 4050 530 4141 ribus,
554 4078 647 4151 quae
666 4058 712 4131 ab
734 4057 892 4135 nostrum
916 4085 990 4159 quo
1007 4061 1184 4153 dicentur,
1208 4066 1354 4140 adversrs
