3067 5342
453 688 528 761 Lr
559 713 579 762 a
609 711 681 762 an
732 689 832 763 VIII.
1094 693 1159 764 281

188 888 370 964 quaquam
386 862 596 952 adversante,
630 863 716 962 quia
740 867 775 938 tc
801 863 873 961 ipse
894 865 940 938 de
956 866 1058 963 plebe
1075 886 1161 938 erat:

192 981 388 1081 (materiam
416 1003 536 1057 autem
563 986 751 1082 praebebat
777 983 985 1058 criminibus
1016 1010 1098 1082 ager
1126 982 1164 1058 in

188 1103 321 1177 Latino
347 1103 566 1200 Falernoque
586 1129 669 1201 agro
695 1103 850 1203 maligne
874 1103 990 1207 plebei
1015 1102 1161 1198 divisus)

187 1227 236 1310 bt,
269 1221 456 1320 postquam
482 1220 630 1310 senatus,
664 1222 764 1298 finire
794 1222 984 1322 imperium
1014 1221 1165 1296 consuli·

189 1344 256 1416 bus
274 1341 433 1440 cupiens,
465 1341 670 1416 dictatorem
686 1341 847 1416 adversus
863 1344 1067 1416 rebellantes
1093 1346 1165 1416 La-
1241 1381 1245 1386 ’
1364 1292 1368 1298 ¹

189 1461 282 1536 tinos
315 1460 388 1536 dici
420 1462 527 1557 juffie
579 1461 768 1550 Aemilius,
818 1463 919 1557 cujus
949 1482 1028 1534 tum
1059 1460 1165 1536 fasces

189 1601 297 1668 erant,
327 1583 499 1680 collegam
517 1580 722 1656 di8tatorem
736 1580 846 1656 dixit:
879 1583 927 1654 ab
944 1606 986 1654 eo
1003 1580 1168 1680 magister
1188 1610 1192 1618 ’

187 1700 351 1800 equitum
370 1700 502 1795 Junius
522 1704 649 1774 Bmtus
675 1700 802 1774 diclus.
852 1699 1038 1775 Dictatore
1051 1726 1165 1800 popu-

187 1820 278 1910 laria,
313 1825 347 1894 tc
364 1820 580 1896 orationibus
604 1820 641 1894 in
657 1825 776 1895 Patres
793 1820 996 1909 criminose,
1020 1818 1102 1908 fuit,
1129 1824 1163 1895 bc

188 1943 290 2040 quod
323 1961 391 2015 tres
417 1942 511 2040 leges
543 1939 801 2014 secundilfimas
832 1941 963 2039 plebei,
1009 1938 1165 2014 adversas

188 2059 379 2147 nobilitati,
424 2059 526 2134 tulit:
576 2085 698 2147 unam,
741 2081 784 2134 ut
820 2059 1002 2158 plebiscita
1041 2084 1165 2133 omnes

188 2179 346 2281 Qtin'tes
374 2200 546 2253 tenerent:
583 2181 738 2266 alteram,
768 2200 811 2252 ut
825 2182 960 2278 legum,
987 2204 1078 2276 quae
1104 2205 1164 2254 co·

187 2297 298 2374 mitiis
316 2298 517 2374 centuriatis
541 2297 724 2386 ferrentur,
751 2320 831 2373 ante
858 2298 989 2373 initum
1008 2299 1165 2399 suffragi-

186 2446 252 2494 um
271 2423 389 2494 Patres
412 2421 570 2492 auctores
584 2420 724 2491 fierent:
755 2418 906 2506 tertiam,
935 2439 977 2493 ut
993 2420 1078 2493 alter
1093 2418 1164 2492 uti·

187 2565 258 2639 que
275 2565 320 2614 ex
336 2541 453 2636 plebe,
485 2563 602 2635 quum
618 2563 661 2611 eo
674 2558 824 2611 ventum
839 2541 891 2625 stt,
917 2559 959 2611 ut
972 2559 1165 2636 utrumque

187 2659 365 2758 plebejum
382 2656 563 2732 consulem
589 2655 664 2730 fieri
691 2655 824 2744 liceret,
847 2655 967 2730 censor
983 2678 1165 2732 crearetur.

188 2781 274 2854 Plus
288 2804 331 2854 eo
347 2803 440 2852 anno
456 2775 556 2850 domi
573 2797 757 2873 acceptum
778 2774 887 2850 cladis
905 2779 951 2850 ab
963 2774 1165 2851 consulibus
1196 2876 1198 2879 Ι

188 2925 228 2974 ac
245 2897 429 2985 dietatore,
456 2923 564 2995 quarn
587 2921 632 2969 ex
654 2895 801 2970 victoria
819 2922 943 2971 eorum
960 2894 1164 2993 bellicisque

190 3022 294 3093 rebus
327 3016 410 3092 soris
451 3018 596 3090 auritum
636 3015 841 3114 imperium,
894 3018 1012 3089 Patres
1045 3017 1164 3090 crede·

190 3143 286 3214 bant.

243 3259 344 3334 XIII.
370 3262 481 3332 Anno
502 3255 712 3353 insequenti,
738 3258 784 3330 L.
803 3255 912 3331 Furio
928 3256 1093 3344 Camillo,
1121 3260 1165 3332 C.

187 3377 337 3452 Maenio
371 3375 587 3464 consulibus,
631 3401 705 3473 quo
738 3375 933 3474 infignitius
957 3376 1080 3450 omissa
1111 3403 1165 3455 res

189 3496 359 3584 Aemilio,
390 3496 574 3594 superioris
588 3495 683 3570 'anni
714 3492 862 3582 consuli,
884 3500 1164 3593 exprobraretur,

189 3618 329 3691 Pedum
346 3615 450 3690 armis
467 3613 619 3712 virisque
637 3618 671 3687 bc
695 3613 794 3688 omni
821 3613 856 3686 vi
883 3621 1165 3715 expugnandum

189 3762 230 3810 ac
247 3737 441 3811 delendum
457 3733 593 3808 senatus
612 3732 746 3806 fremit:
781 3733 965 3832 coaffique
981 3736 1065 3809 novi
1080 3762 1166 3809 con·

191 3854 278 3930 sules
294 3855 463 3929 omnibus
485 3879 564 3926 eam
587 3879 660 3927 rem
677 3852 860 3950 praeverti,
886 3852 1166 3949 proficiscuntur.

188 3977 271 4069 Jam
287 3974 395 4049 Latio
412 3973 441 4048 is
457 3971 562 4046 status
575 3991 647 4046 erat
672 3997 803 4059 terum,
836 3992 878 4044 ut
894 3997 1010 4070 neque
1030 3976 1166 4049 bellurn

189 4119 306 4198 neque
323 4119 447 4194 pacem
463 4090 535 4191 pati
552 4094 699 4189 pollent.
741 4091 803 4165 Ad
817 4091 952 4166 bellum
969 4117 1052 4192 opes
1066 4094 1165 4168 deer-
