3067 5342
348 637 395 707 62
673 629 991 707 T.L1v11

344 829 441 882 entes
459 809 578 905 pollet.
628 809 729 882 Tum
743 808 910 907 Sigoveso
932 807 1081 882 sortibus
1094 801 1169 880 dati
1185 808 1331 906 Hercya
1396 823 1400 828 ’

346 927 397 1000 nii
415 925 532 1002 saltus:
563 926 741 1001 Belloveso
753 929 852 1002 haud
868 929 988 1026 paullo
1003 927 1186 1001 laetiorem
1202 926 1241 1000 in
1257 930 1329 1000 Ita-

345 1045 429 1121 liam
448 1047 543 1121 viam
560 1045 623 1120 Dii
639 1049 781 1121 dabant.
831 1049 878 1136 Is,
906 1048 1007 1145 quod
1034 1047 1108 1142 ejus
1123 1073 1169 1120 ex
1185 1045 1331 1145 populis

346 1168 561 1256 abundabat,
606 1165 794 1265 Bituriges,
825 1171 1015 1254 Arvernos,
1054 1168 1224 1254 Senones,
1255 1173 1330 1240 Ae-

346 1286 449 1374 duos,
483 1291 687 1374 Ambarros,
736 1289 920 1374 Carnutes,
956 1288 1142 1374 Aulercos,
1183 1285 1331 1361 excivit.

346 1404 527 1480 Profeslus
544 1405 747 1506 ingentibus
762 1406 925 1503 peditum
948 1405 1186 1506 equitumque
1202 1406 1331 1504 copiis,

346 1525 384 1599 in
394 1524 608 1599 Tricastinos
625 1524 733 1599 venit.
784 1528 896 1622 Alpes
909 1525 994 1599 inde
1014 1528 1192 1623 obpositae
1211 1547 1330 1612 erant,

346 1671 434 1745 quas
456 1643 749 1744 inexsuperabiles
773 1644 860 1719 visas
888 1647 986 1720 haud
1008 1644 1179 1743 equidem
1208 1645 1330 1734 miror,

346 1769 443 1840 nulla
463 1768 553 1840 dum
571 1767 630 1839 via
656 1767 773 1863 (quod
789 1764 939 1862 quidem
952 1765 1139 1839 continens
1156 1766 1331 1840 memoria

346 1889 398 1973 fit,
423 1885 485 1958 nist
502 1887 548 1959 de
565 1887 724 1959 Hercule
745 1884 874 1959 fabulis
898 1887 1038 1960 credere
1055 1885 1158 1979 libet)
1189 1885 1329 1984 supera-

348 2027 408 2080 tas.
458 2004 515 2080 Ibi
549 2031 664 2103 quum
695 2005 794 2078 velut
819 2004 932 2102 septos
964 2004 1146 2080 montium
1175 2005 1330 2082 altitudo

347 2147 480 2200 teneret
522 2126 656 2212 Gallos,
707 2123 1120 2224 circumspeslarentque,
1173 2153 1331 2224 quanam

347 2273 409 2344 per
424 2246 549 2341 junsla
577 2246 677 2318 coelo
698 2245 787 2343 juga
813 2244 851 2317 in
879 2245 990 2318 alium
1015 2249 1139 2319 orbem
1162 2265 1330 2321 terrarum

348 2369 538 2454 transirent,
562 2363 687 2463 religio
702 2363 809 2437 etiam
822 2363 950 2452 tenuit,
974 2367 1075 2462 quod
1088 2367 1248 2440 adlatum
1266 2367 1329 2453 est,

348 2486 500 2559 advenas
517 2505 722 2582 quaerentes
748 2509 873 2584 agrurn
898 2489 944 2559 ab
965 2488 1109 2584 Salyum
1138 2507 1242 2584 gente
1265 2490 1329 2561 ob

347 2605 507 2705 pugnari.
557 2601 784 2678 Malsrlienses
807 2624 903 2677 erant
928 2604 980 2692 hi,
1015 2604 1165 2680 navibus
1187 2633 1209 2678 a
1234 2607 1330 2679 Pho-

348 2752 430 2801 caea
456 2723 614 2823 profesli.
663 2726 708 2800 Id
735 2723 830 2798 Galli
847 2722 1005 2798 fortunae
1030 2723 1110 2798 suae
1137 2751 1243 2799 omen
1264 2725 1330 2799 rati

348 2847 524 2943 adjuvere,
551 2867 606 2934 ut,
631 2869 741 2943 quem
754 2842 912 2942 primum
932 2843 971 2916 in
990 2867 1117 2919 terram
1134 2847 1254 2943 egrelli
1269 2872 1331 2919 oc-

348 2987 571 3066 cupaverant,
595 2966 717 3040 locum
732 2963 936 3061 patentibus
949 2963 1038 3038 silvis
1054 2964 1331 3038 communirent.-

349 3091 415 3184 lpfi
438 3112 500 3184 per
513 3084 691 3160 Taurinos
707 3082 880 3182 saltusque
895 3083 1009 3158 invios
1027 3087 1139 3182 Alpes
1155 3083 1330 3159 transcen·
1397 3099 1400 3103 ’

347 3210 493 3282 derunt:
527 3203 677 3302 firsrsque
702 3203 776 3278 acie
794 3203 921 3279 Tuscis
941 3206 1039 3278 haud
1056 3206 1182 3302 procul
1195 3203 1330 3278 Ticino

347 3325 510 3412 flumine,
559 3349 688 3421 quum,
739 3323 777 3396 in
808 3349 883 3421 quo
920 3323 1160 3413 consederant,
1203 3351 1331 3423 agrum

348 3443 552 3520 Insubrium
578 3443 745 3540 adpellari
775 3443 961 3531 audissent,
992 3443 1206 3542 cognomine
1228 3443 1329 3518 Insu-

348 3563 471 3641 bribus
483 3587 576 3661 pago
594 3563 824 3636 Aeduorum:
856 3562 920 3651 ibi,
954 3590 1060 3637 omen
1077 3562 1261 3662 sequentes
1277 3567 1330 3640 lo-

348 3686 396 3774 ci,
446 3682 637 3760 condidere
678 3685 832 3758 urbem:
877 3682 1133 3757 Mediolanum
1175 3684 1330 3780 adpella-

348 3827 442 3881 runt.

405 3928 564 4002 XXXV.
592 3924 676 3999 Alia
695 3921 845 3999 subinde
872 3950 996 3998 manus
1026 3925 1330 4012 Cenomanorum,

351 4044 508 4122 Elitovio
541 4046 634 4120 duce
664 4042 811 4144 vestigia
839 4043 995 4142 priorum
1028 4043 1157 4133 secuta,
1201 4047 1331 4120 eodem
