3067 5342
368 710 471 800 46·
704 703 1089 776 T.L1v11.

369 881 567 958 censebant.
618 884 694 956 Cur
725 880 823 955 enim
852 879 997 979 relegari
1024 879 1168 977 plebem
1195 875 1233 950 in
1252 874 1355 950 Vols-

369 1029 443 1090 cos,
477 1027 592 1100 quum
620 1001 860 1099 pulcherrima
889 1003 975 1075 urbs
1003 998 1082 1095 Veji
1110 1022 1264 1097 agerque
1283 999 1355 1070 Ve-

363 1123 530 1218 jentanus
564 1121 601 1196 in
632 1119 824 1219 conspeetu
857 1125 910 1210 sit,
953 1120 1097 1195 uberior
1128 1118 1355 1216 ampliorque

370 1247 540 1317 Romano
570 1245 682 1342 agro?
733 1245 875 1317 Urbem
905 1267 1053 1341 quoque
1083 1239 1166 1316 urbi
1198 1242 1355 1327 Romae,

369 1366 425 1437 vel
452 1367 530 1451 situ,
556 1365 612 1436 vel
643 1361 911 1461 magnificentia
939 1361 1170 1459 publicorum
1199 1358 1356 1457 privato-

369 1509 522 1582 rumque
563 1485 738 1556 tetrorum
773 1509 814 1557 ac
853 1485 1029 1570 locorum,
1076 1481 1354 1580 praeponebant.

370 1603 473 1706 Qrin
505 1603 564 1677 illa
595 1629 743 1700 quoque
771 1601 863 1676 adio
898 1607 1120 1690 movebatur,
1154 1627 1245 1700 quae
1276 1601 1357 1698 post

369 1747 510 1821 captam
524 1722 653 1821 utique
676 1725 835 1797 Romam
861 1751 882 1796 a
906 1723 1019 1798 Gallis
1046 1722 1253 1798 celebratior
1270 1720 1354 1809 fuir,

370 1841 639 1944 transmigrandi
671 1845 788 1940 Vejos.
849 1847 1034 1932 Ceterum,
1073 1841 1201 1940 partim
1241 1840 1355 1940 plebi,

369 1965 498 2064 partim
532 1963 666 2038 senatui
705 1964 928 2038 destinabant
970 1962 1183 2038 habitandos
1217 1965 1353 2060 Vejos;

369 2085 527 2183 duasque
566 2087 672 2159 urbes
705 2084 910 2160 communis
940 2083 1157 2182 reipublicae
1190 2082 1300 2157 incoli
1333 2110 1355 2156 a

369 2208 506 2305 populo
537 2207 707 2278 Romano
734 2208 841 2303 poll'e.
898 2203 1078 2279 Adversus
1109 2230 1201 2301 quae
1235 2229 1354 2300 quum

368 2325 555 2423 optimates
572 2325 621 2398 ita
635 2326 831 2413 tenderent,
858 2347 901 2398 ut
927 2336 951 2368 “
971 2324 1161 2398 morituros
1177 2323 1211 2398 se
1224 2323 1354 2398 citius''

369 2447 528 2521 dicerent
554 2457 579 2488 “
597 2445 635 2518 in
666 2444 857 2542 conspectu
886 2443 1012 2544 populi
1035 2443 1209 2532 Romani,
1241 2469 1353 2543 quam

370 2565 617 2664 “quidquam
647 2591 770 2639 eamm
799 2592 916 2639 rerum
949 2587 1140 2664 rogaretur.
1202 2564 1352 2666 Qtippe

370 2699 395 2734 “
415 2713 510 2761 nunc
539 2686 576 2759 in
603 2711 675 2759 una
704 2687 793 2759 urbe
820 2707 960 2759 rantum
987 2685 1238 2759 dissensionum
1268 2688 1349 2775 effe,

370 2819 395 2852 “
414 2806 505 2905 quid
522 2807 558 2880 in
586 2809 726 2881 duabus
743 2804 841 2878 fore?
892 2804 1080 2878 Vidlamne
1098 2826 1139 2878 ut
1162 2804 1353 2904 quisquam

369 2942 393 2974 “
411 2928 548 3003 viclrici
563 2926 692 3026 patriae
707 2925 916 3024 praeferret?
942 2929 1154 3023 sineretque,
1183 2925 1354 3022 majorem

369 3060 393 3092 “
413 3048 591 3122 fomrnam
613 3047 724 3144 captis
748 3049 815 3120 effe
833 3045 941 3143 Vejis,
980 3073 1090 3145 quam
1108 3043 1355 3120 incolumibus

368 3181 393 3214 ‘⁴
412 3168 542 3243 fuerit?
592 3167 788 3254 Postremo,
827 3165 861 3240 se
893 3165 1048 3265 relinqui
1080 3193 1101 3240 a
1130 3165 1271 3241 civibus
1313 3165 1353 3239 in

368 3302 393 3334 “
412 3289 523 3386 patria
546 3289 658 3385 polle:
696 3309 739 3360 ut
764 3285 968 3384 relinquant
992 3287 1144 3384 patriam
1170 3309 1277 3386 atque
1302 3285 1354 3360 ci-

367 3421 393 3454 “
412 3435 484 3494 ves,
512 3409 647 3480 nullam
666 3406 741 3480 vim
770 3433 945 3506 umquam
970 3407 1215 3495 subacluram3
1248 3411 1283 3481 dt
1303 3409 1352 3481 T.

366 3541 392 3572 ⁴⁶
411 3526 610 3602 Sicinium’'
640 3525 684 3624 (is
702 3526 799 3600 enim
817 3553 862 3600 ex
879 3527 1031 3603 tribunis
1059 3527 1173 3625 plebis
1197 3525 1351 3627 rogatio·

366 3649 421 3724 nis
438 3650 512 3745 ejus
528 3649 617 3721 lator
630 3649 716 3742 erat)
745 3657 770 3690 “
789 3647 1013 3721 conditorem
1028 3651 1134 3746 Vejos
1147 3649 1351 3747 sequantur,

367 3783 392 3822 ‘⁶
410 3769 533 3844 reliclo
551 3772 632 3842 Deo
649 3769 825 3856 Romam,
854 3767 924 3843 Dei
939 3768 1027 3857 filio,
1054 3791 1196 3866 parente
1215 3773 1249 3843 ὅτ
1266 3795 1350 3843 auc-

367 3903 392 3935 “
412 3915 485 3965 tore
501 3888 598 3965 urbis
612 3891 787 3962 Romae.''

415 4015 535 4086 XXV.
566 4013 670 4084 Haec
697 4035 813 4108 quum
844 4009 958 4083 foedis
987 4008 1242 4085 certaminibus
1268 4035 1351 4108 age·

365 4155 499 4222 rentur,
537 4136 635 4228 (nam
665 4149 801 4228 partem
832 4129 1058 4205 tribunorum
1085 4130 1199 4229 plebis
1229 4135 1350 4206 Patres
