3067 5342
416 706 482 775 160
745 700 1061 775 T.Lrvrr

406 901 483 947 uno
502 900 546 946 ex
569 871 720 947 tribunis
737 872 896 949 militum
922 872 1048 960 Fabi0,
1075 868 1229 947 artifices
1247 870 1320 966 jam
1341 886 1388 941 rot

405 1018 582 1066 annorum
613 992 678 1067 usu
705 992 877 1068 tratlandi
907 992 1044 1069 animos
1072 991 1203 1091 plebis,
1228 989 1387 1088 primores

408 1115 554 1187 Parrum
578 1114 772 1210 produelos
787 1112 1037 1214 interrogando
1056 1116 1100 1188 de
1120 1108 1282 1211 singulis,
1305 1133 1388 1206 quae

405 1231 605 1307 ferebantur
621 1235 667 1307 ad
682 1236 875 1331 populum,
892 1232 1107 1332 fatigabant:
1145 1243 1172 1275 “
1192 1231 1386 1305 Auderenr-

407 1364 432 1397 “
452 1380 495 1427 ne
514 1353 700 1450 postulare,
730 1374 785 1440 ut,
813 1380 929 1451 quum
950 1352 1035 1457 bina
1054 1354 1185 1453 jugera
1207 1348 1283 1449 agri
1299 1346 1387 1445 plebi

406 1484 432 1519 “
450 1473 707 1561 dividerentur,
727 1472 807 1571 iplis
819 1474 901 1571 plus
915 1472 1111 1573 quingenta
1121 1474 1255 1571 jugera
1266 1470 1384 1543 habere

406 1604 432 1638 “
450 1594 593 1669 licerer?
621 1596 677 1668 Ut
702 1592 830 1691 singuli
850 1619 960 1691 prope
987 1614 1232 1667 trecentorum
1259 1586 1387 1663 civium

405 1724 431 1757 “
449 1716 660 1811 poffiderent
673 1738 788 1813 agros,
802 1714 942 1812 plebejo
957 1712 1096 1787 homini
1111 1713 1176 1787 vix
1195 1712 1242 1785 ad
1258 1709 1385 1782 retium

406 1844 431 1877 “
451 1833 692 1921 necelsarium,
712 1856 775 1908 aut
791 1836 913 1909 locum
930 1832 1138 1933 sepulturae,
1161 1832 1247 1907 suus
1264 1842 1388 1927 pateret

406 1964 431 1997 “
450 1957 558 2053 ager?
590 1960 653 2029 An
669 1956 833 2051 placeret,
858 1952 999 2028 foenore
1018 1952 1303 2028 circumventam
1320 1946 1386 2044 ple·

275 2130 280 2139 -
406 2084 431 2117 “
451 2079 535 2149 bem
550 2073 682 2172 potius,
701 2085 811 2171 quam
827 2072 915 2148 sorte
929 2072 1106 2148 creditum
1119 2070 1246 2160 solvar,
1265 2088 1385 2165 corpus

405 2206 431 2239 “
451 2194 488 2267 in
508 2220 658 2268 nervum
679 2220 719 2268 ac
733 2192 906 2291 supplicia
922 2196 1024 2268 dare:
1053 2198 1087 2269 br
1108 2190 1386 2293 gregatimque

406 2324 432 2357 “
451 2312 539 2387 tidie
570 2314 616 2386 de
643 2311 721 2387 foro
742 2313 904 2387 addictos
928 2312 1027 2400 duci,
1053 2312 1238 2409 &repleri
1265 2303 1385 2384 vinCtis

403 2442 430 2477 “
447 2429 584 2506 nobiles
594 2432 748 2507 domos?
764 2438 813 2521 δι,
823 2433 1048 2531 ubicumque
1058 2433 1230 2531 patricius
1239 2426 1380 2510 habitet,

403 2563 429 2596 ‘⁶
448 2550 500 2625 ibi
514 2576 687 2626 carcerem
701 2551 880 2649 privatum
895 2556 961 2628 effe
971 2556 1009 2627 ?”

451 2674 646 2748 XXXVII.
674 2676 779 2749 Haec
803 2674 951 2775 indigna
967 2674 1239 2772 miserandaque
1258 2664 1378 2744 auditu

402 2818 518 2891 quum
532 2797 630 2891 apud
645 2794 808 2869 timentes
822 2794 958 2870 fibimet
976 2794 1079 2893 ipsos,
1095 2796 1227 2891 majore
1238 2786 1379 2865 audien-

402 2913 495 2989 tium
509 2912 768 3013 indignatione,
782 2941 891 3014 quam
904 2913 976 3005 sua,
989 2914 1263 3012 increpuissent:
1291 2918 1316 2952 “
1334 2924 1381 2978 at-

402 3034 511 3132 “qui
537 3062 602 3109 nec
625 3062 726 3133 agros
743 3034 946 3134 occupandi
964 3036 1129 3122 modurn,
1153 3060 1223 3110 nec
1242 3032 1378 3111 foenore

402 3166 427 3198 ‘⁴
446 3154 649 3229 trucidandi
689 3158 832 3254 plebem
866 3155 976 3229 aliurn
1010 3155 1174 3230 Patribus
1208 3170 1379 3253 umquam

402 3286 427 3317 “
446 3273 559 3361 fore,''
600 3276 846 3363 adfinnabant‚
890 3285 915 3319 “
933 3274 995 3349 nifi
1028 3278 1178 3350 alterum
1209 3270 1380 3371 explebe

403 3405 429 3437 “
447 3393 642 3479 consulem,
660 3394 846 3469 custodem
857 3394 936 3470 suae
952 3394 1134 3484 libertatis,
1150 3397 1274 3493 plebes
1285 3383 1378 3467 fecis-

404 3524 429 3557 “
448 3512 508 3586 set.
558 3514 750 3587 Contemni
778 3516 854 3611 jam
888 3515 1049 3591 tribunos
1082 3515 1209 3615 plebis,
1247 3512 1377 3616 quippe

404 3645 430 3677 “
448 3658 539 3729 quae
561 3633 711 3731 potestas
728 3634 805 3729 jam
828 3633 926 3709 suam
943 3636 1016 3735 ipsa
1031 3635 1106 3711 vim
1124 3636 1263 3737 frangat
1279 3635 1378 3709 inter·

401 3766 426 3799 “
445 3755 620 3829 cedendo,
669 3758 755 3829 Non
766 3756 861 3852 polle
877 3782 991 3856 aequo
1001 3758 1082 3853 jure
1095 3756 1166 3857 agi,
1184 3759 1250 3833 ubi
1268 3756 1374 3853 impe·

402 3886 427 3919 “
445 3875 540 3949 rium
555 3901 661 3973 penes
678 3874 770 3964 illos,
793 3902 901 3974 penes
923 3875 956 3951 se
974 3876 1151 3953 auxilium
1174 3900 1314 3955 tanturn
1330 3874 1376 3945 fit·

402 4006 427 4039 “
447 3995 523 4070 Nifi
547 3995 698 4095 imperio
718 3995 998 4087 communicato,
1023 4024 1224 4097 numquam
1240 4002 1376 4102 plebem

402 4128 427 4160 “
446 4115 485 4189 in
498 4138 595 4213 parte
618 4114 692 4215 pari
712 4116 928 4217 reipublicae
954 4116 1048 4193 fore:
1084 4146 1149 4195 nec
1169 4123 1250 4211 effe,
1277 4110 1372 4220 quod
