3067 5342
390 693 460 792 316
725 687 1040 762 T.L1v11

392 873 417 907 “
437 884 515 936 tum
538 859 665 936 animis
679 859 828 936 subdere
844 859 964 961 ignem
982 887 1023 935 ac
1040 857 1222 933 materiam
1235 854 1375 933 seditio·

394 993 419 1028 “
438 981 489 1071 ni,
521 1007 593 1056 non
606 983 673 1056 effe
687 981 821 1069 aetatis,
851 1008 924 1056 non
940 979 1148 1079 prudentiae
1164 980 1250 1075 ejus.
1302 981 1376 1053 Ne-

394 1113 419 1147 “
439 1101 575 1176 minem
593 1101 632 1174 id
648 1100 845 1202 QFabio,
874 1127 1027 1200 poenam
1045 1097 1249 1197 deprecanti
1266 1095 1377 1184 suam,

394 1233 418 1267 “
437 1221 525 1296 vitio
552 1220 747 1310 versumm,
774 1219 834 1296 sed
857 1220 1034 1308 didarori,
1060 1223 1313 1294 fiobcaecatus
1330 1217 1380 1291 ira

396 1341 601 1416 “infestam
631 1340 902 1416 multitudinem
929 1339 968 1414 in
989 1341 1023 1415 se
1050 1367 1158 1438 pravo
1187 1337 1378 1413 certamine

394 1473 420 1508 “
437 1462 608 1538 movisset.
658 1461 853 1550 Postremo,
878 1487 923 1534 ne
952 1459 991 1534 id
1016 1458 1050 1535 se
1067 1459 1198 1558 gratiae
1224 1460 1308 1532 dare
1330 1463 1388 1560 Q

398 1583 546 1658 “Fabii
573 1584 742 1671 crederet,
784 1579 818 1655 se
853 1579 1103 1676 jusjurandum
1133 1581 1215 1652 dare
1243 1601 1381 1675 paratos

395 1713 420 1747 “
439 1703 524 1790 effe,
549 1729 622 1776 non
642 1700 755 1775 videri
779 1698 1010 1797 erepublica,
1040 1697 1079 1772 in
1094 1697 1318 1800 QFabium
1335 1726 1378 1774 eo

395 1833 420 1866 “
440 1843 596 1922 tempore
614 1819 880 1896 animadverti.”

446 1944 623 2018 XXXIII.
649 1941 722 2017 His
730 1940 881 2016 vocibus
898 1966 1014 2040 quum
1031 1941 1070 2015 in
1087 1939 1119 2015 se
1130 1940 1242 2040 magis
1256 1938 1380 2015 incita-

398 2085 475 2138 rent
508 2063 730 2150 didiatorem,
771 2087 880 2160 quam
913 2061 952 2134 in
978 2059 1186 2162 magistrum
1215 2060 1382 2162 equitum

395 2187 583 2282 placarent,
603 2183 684 2278 juffi
698 2183 742 2254 de
758 2180 924 2256 tribunali
942 2181 1152 2256 descendere
1175 2182 1302 2281 legati:
1330 2186 1378 2270 ὅτ,

399 2303 533 2376 silentio
547 2301 795 2399 nequidquam
804 2325 867 2399 per
876 2328 1085 2400 praeconem
1092 2322 1239 2391 tentato,
1250 2327 1381 2401 quum,

396 2447 478 2521 prae
512 2418 656 2520 strepitu
684 2446 724 2495 ac
755 2423 928 2510 tumultu,
952 2448 1018 2496 nec
1050 2421 1156 2520 ipfius
1185 2421 1382 2511 didtatoris,

398 2567 463 2616 nec
489 2540 730 2639 adparitorum
754 2541 828 2638 ejus
852 2567 925 2616 vox
946 2542 1146 2630 audiretur;
1171 2569 1258 2632 nox,
1283 2546 1384 2617 velut

398 2661 437 2736 in
451 2660 598 2760 proelio,
625 2659 808 2736 certamini
826 2663 934 2736 finem
950 2661 1045 2738 fecit.
1094 2662 1268 2762 Magister
1279 2661 1382 2760 equi-

398 2805 488 2870 tum,
508 2783 620 2878 jussus
634 2781 772 2881 postero
784 2780 844 2854 die
858 2783 984 2870 adeffe,
1011 2809 1127 2882 quum
1140 2809 1263 2858 omnes
1276 2784 1381 2856 adfir-

398 2923 545 2990 marent,
573 2900 731 2976 infestius
759 2901 941 3000 Papirium
964 2903 1182 2993 exarsurum,
1208 2903 1383 3003 agitatum

315 3101 320 3114 ,
396 3021 622 3102 contentione
641 3021 712 3121 ipsa
727 3025 1062 3121 exacerbatumque,
1097 3025 1191 3098 clam
1203 3050 1248 3097 ex
1261 3024 1381 3098 castris

400 3147 557 3220 Romam
587 3141 763 3241 profugit:
792 3147 840 3230 δι,
865 3164 961 3240 patre
988 3147 1130 3217 audore
1164 3146 1222 3217 M.
1253 3143 1381 3231 Fabio,

399 3265 463 3364 qui
481 3287 532 3355 ter
542 3265 618 3361 jam
642 3261 764 3339 consul
779 3261 1000 3360 didatorque
1019 3261 1146 3350 fuerat,
1174 3287 1300 3340 vocato
1319 3291 1383 3339 ex-

400 3386 533 3482 templo
559 3382 692 3471 senatu,
720 3409 836 3480 quum
865 3383 1021 3456 maxime
1048 3407 1324 3480 conquereretur
1345 3412 1382 3458 a·

400 3503 477 3602 pud
491 3507 608 3578 Patres
624 3503 698 3580 vim
714 3524 820 3602 atque
838 3501 1001 3598 injuriam
1018 3501 1210 3592 dieiatorin
1238 3526 1383 3601 repente

400 3623 561 3722 strepitus
578 3645 657 3698 ante
681 3623 817 3698 curiam
834 3623 1000 3698 lidorum
1014 3621 1304 3699 submoventium
1320 3650 1384 3697 au·
1408 3682 1414 3688 .

401 3743 518 3820 ditur:
551 3741 673 3841 &ipse
696 3741 851 3818 infensus
868 3745 998 3831 aderat,
1032 3745 1220 3844 postquam
1237 3771 1384 3842 compe-

402 3863 446 3939 rit
471 3860 670 3962 profedum
691 3888 736 3936 ex
762 3863 891 3952 castris,
919 3891 1004 3938 cum
1030 3863 1199 3963 expedito
1220 3864 1384 3963 equitatu

401 3984 550 4061 secutus.
583 3985 707 4057 Iterata
723 3983 854 4058 deinde
872 3987 1069 4060 contentio:
1086 3991 1119 4060 δι
1137 3984 1263 4084 prendi
1277 3983 1384 4058 Fabi-

401 4132 465 4180 um
493 4103 651 4202 PapirIus
677 4106 784 4202 jussit.
835 4105 913 4180 Ubi
947 4131 1078 4205 quum,
1109 4103 1385 4207 deprecantibus
