3067 5342
491 687 721 762 Lnnnn
774 683 855 760 VII.
1103 623 1189 788 Ιαογ

192 859 329 942 tribuni
356 861 446 943 nihil
473 862 587 954 aliud,
617 888 727 964 quam
752 883 796 936 ut
818 859 997 936 differrent
1015 859 1173 950 comitia,

190 984 400 1073 valuissent3
430 987 506 1061 duo
527 983 666 1085 patricii
690 983 850 1060 consules
877 979 983 1058 creati
1009 978 1102 1069 sunt,
1130 983 1173 1056 C.

189 1105 370 1204 Sulpicius
386 1105 530 1183 Peticus
545 1107 704 1194 tertium,
722 1108 781 1180 Μ.
800 1102 959 1178 Valerius
969 1100 1172 1177 Publicola:

189 1227 466 1326 eodemquedie
483 1226 724 1326 magistratum
738 1223 905 1299 inierunt.

242 1349 380 1422 XVIII.
416 1345 773 1450 Qadringentefimo
801 1369 909 1431 anno,
949 1365 1059 1443 quam
1089 1343 1174 1416 urbs

190 1469 360 1542 Romana
385 1466 532 1543 condita
553 1487 637 1555 erat,
667 1465 796 1564 quinto
813 1463 999 1553 tricesimo,
1029 1485 1176 1560 quamn

191 1585 306 1664 Gallis
315 1587 519 1685 reciperata,
536 1590 652 1663 ablato
664 1587 742 1686 post
755 1583 993 1662 undecimum
1006 1607 1175 1658 annuma

191 1709 298 1806 plebe
319 1707 516 1796 consulatu,
541 1707 678 1806 patricii
701 1706 860 1783 consules
876 1709 984 1781 ambo
1007 1731 1052 1780 ex
1069 1703 1176 1778 intera

189 1853 303 1928 regno
329 1827 572 1927 magistratum
602 1826 725 1917 iniere,
753 1830 799 1902 C.
829 1825 1006 1926 Sulpicius
1033 1824 1175 1904 Peticus

192 1946 363 2038 tertium„
380 1950 439 2022 M.
463 1946 623 2023 Valerius
649 1947 847 2024 Publicola.
903 1949 1104 2046 Empulum
1130 1971 1175 2022 eo

188 2093 286 2143 anno
304 2093 351 2142 ex
373 2067 588 2144 Tiburtibus
610 2069 708 2142 haud
730 2069 961 2142 memorando
983 2067 1175 2142 certamine

189 2186 357 2287 'captum3
391 2191 458 2263 five
480 2191 637 2264 duorum
660 2187 847 2262 consulum
864 2187 1022 2286 auspicio
1038 2189 1175 2263 bellum

191 2307 246 2385 ibi
261 2308 401 2407 gestum
418 2309 480 2397 est,
497 2329 538 2382 ut
554 2307 714 2406 scripsere
728 2309 897 2409 quidam3
926 2308 985 2385 seu
1002 2335 1063 2408 per
1076 2307 1174 2382 idem

191 2451 335 2528 tempus
358 2427 670 2527 Tarquinienfium
692 2454 839 2527 quoque
862 2428 943 2504 sunt
965 2429 1085 2503 vastati
1102 2425 1176 2528 agri

189 2553 238 2624 ab
251 2547 409 2647 Sulpicio
425 2548 581 2638 consule,
600 2574 675 2649 quo
690 2549 852 2624 Valerius
865 2547 1028 2624 adversus
1041 2547 1175 2623 Tibur·
1260 2537 1262 2542 ¹

191 2691 244 2746 tes
256 2668 414 2770 legiones
426 2668 543 2744 duxit.
594 2669 707 2745 Domi
725 2671 838 2767 majus
853 2687 1032 2744 certamen
1050 2659 1175 2742 consu-

189 2790 287 2866 libus
303 2815 389 2864 cum
406 2791 562 2888 plebeae
579 2788 731 2866 tribunis
741 2809 824 2865 erat.
874 2791 905 2863 F
906 2786 979 2862 idei
989 2789 1066 2884 jam
1083 2785 1176 2874 suae,

190 2935 267 2986 non
290 2908 405 2983 solum
427 2908 581 2997 virtutis,
604 2911 786 2986 ducebant
802 2911 883 2999 effe,
910 2930 952 2983 ut
966 2905 1178 3005 accepissent

191 3030 278 3105 duo'
294 3028 434 3128 patricii
464 3029 701 3117 consulatum,
738 3029 788 3103 ita
815 3032 991 3105 ambobus
1022 3025 1177 3125 patriciis

192 3151 372 3225 mandare.
435 3149 538 3252 Qnin
573 3169 636 3223 aut
673 3170 749 3224 toto
781 3150 986 3225 cedendum
1020 3151 1103 3236 effe,
1152 3151 1176 3222 si

192 3271 350 3368 plebejus
386 3271 464 3366 jam
501 3268 723 3370 magistratus
758 3268 960 3344 consulatus
999 3271 1073 3358 fiat,
1115 3289 1178 3344 aut

192 3412 310 3466 totum
340 3391 604 3490 possidendum,
643 3416 754 3487 quam
787 3391 1028 3486 poffeffionem
1048 3389 1177 3491 integ-

191 3537 267 3584 ram
295 3537 318 3584 a
342 3511 500 3610 patribus
534 3509 753 3608 accepissent.
804 3511 929 3584 Plebes
959 3531 1081 3586 contra
1110 3511 1176 3588 fre·

190 3631 280 3706 mit:
316 3643 342 3675 “
361 3631 465 3734 Qlid
492 3630 526 3705 se
555 3629 685 3717 vivere,
719 3627 817 3727 quid
850 3627 888 3701 in
917 3651 1014 3727 parte
1041 3630 1177 3708 civium

192 3762 219 3794 “
238 3751 387 3826 censeri:
418 3755 455 3839 fi,
489 3753 590 3850 quod
625 3751 782 3824 duorum
811 3748 1003 3825 hominum
1032 3751 1176 3841 virtute,

199 3882 225 3915 “
244 3873 293 3946 L
319 3870 432 3946 Sextii
457 3897 499 3946 ac
522 3874 566 3946 C.
594 3869 745 3958 Licinii,
773 3891 913 3967 partum
936 3875 988 3960 fit,
1019 3871 1058 3944 id
1085 3871 1179 3946 obti-

195 4001 221 4036 “
240 4017 322 4066 nere
334 3991 484 4066 univerfi
497 4018 571 4066 non
583 3993 737 4090 poffint?
752 3993 819 4064 Vel
834 4016 945 4090 reges,
962 3994 1019 4066 vel
1036 3993 1178 4068 decern-

195 4121 221 4158 “
239 4111 347 4200 viros,
374 4114 444 4202 vel,
471 4115 495 4186 fi
518 4113 620 4212 quod
644 4109 775 4187 tristius
800 4115 840 4188 lit
866 4110 1007 4212 imperii
1031 4137 1176 4203 nomen,
