3067 5342
479 641 710 766 Linon
762 679 828 754 IX.
1092 681 1161 782 387

177 869 230 918 res
250 845 377 943 poscit,
404 844 542 924 summa
558 847 730 924 industria
747 871 866 947 parat:
894 875 961 927 nec
981 849 1085 925 tantis
1104 853 1165 928 ad·

175 959 355 1063 paratibus
378 969 490 1046 elatus
513 969 560 1051 de
581 968 768 1049 inferendo
794 971 888 1045 bello
909 970 1029 1070 agitat,
1064 969 1165 1071 quie-

173 1107 273 1163 turus
301 1087 539 1176 hauddubie,
566 1088 628 1163 nili
654 1090 749 1171 ultro
773 1114 869 1172 arma
891 1090 1038 1166 ‘Etrusci
1057 1091 1163 1166 infer-

150 1227 153 1230 ’
176 1228 264 1282 rent.
317 1210 454 1284 Eadem
468 1207 506 1284 in
521 1210 760 1306 comparando
776 1209 1052 1309 cohibendoque
1070 1215 1163 1292 bello

178 1327 321 1402 consilia
347 1329 497 1426 &apud
521 1327 687 1408 Etruscos
710 1327 821 1402 fuere.
870 1329 1001 1402 Neutri
1030 1331 1164 1412 finibus

175 1450 307 1545 egresfi.
358 1450 407 1522 Et
439 1448 585 1526 censura
608 1450 699 1527 clara
726 1474 770 1522 eo
792 1474 885 1522 anno
903 1453 976 1548 Ap.
1001 1453 1158 1542 Claudii,

174 1570 209 1640 ec
233 1569 277 1642 C.
300 1567 430 1642 Plautii
451 1567 546 1656 fuit3
572 1567 762 1642 memoriae
785 1591 902 1642 tamen
921 1569 1092 1646 -felicioris
1116 1573 1162 1647 ad

172 1687 327 1785 posteros
346 1683 481 1762 nomen
506 1688 632 1787 Appii,
670 1690 771 1787 quod
800 1687 895 1768 viam
925 1689 1093 1780 munivit,
1127 1697 1160 1768 δι

173 1833 303 1906 aquam
334 1807 372 1882 in
405 1810 533 1884 urbem
564 1807 684 1896 duxit,
723 1833 837 1906 eaque
869 1835 964 1882 unus
993 1811 1159 1907 perfecit3
1252 1885 1254 1890 ,

172 1926 271 2024 quia,
297 1931 346 2003 ob
364 1926 535 2002 infamem
557 1949 665 2026 atque
682 1927 893 2002 invidiosam
908 1927 1043 2005 senatus
1061 1931 1158 2014 lectiP

172 2072 278 2120 onem
293 2045 509 2120 verecundia
525 2044 653 2135 victus,
680 2050 817 2148 collega
834 2049 1037 2148 magistratu
1053 2049 1085 2124 se
1099 2055 1158 2126 ab,

171 2165 385 2240 dicaverat&
412 2165 568 2266 Appius,
593 2166 668 2263 jam
696 2166 781 2242 inde
807 2168 1004 2267 antiquitus
1022 2169 1158 2247 insitam

171 2284 403 2384 pertinaciam
421 2284 573 2361 familiae
591 2290 759 2386 gerendo,
787 2287 878 2362 solus
894 2287 1075 2364 censuram
1093 2294 1157 2365 ob·

145 2405 291 2481 'tinuit
344 2408 486 2482 Eodem
502 2406 626 2504 Appio
640 2411 796 2495 auclore,
822 2407 959 2496 Potitii,
978 2425 1077 2507 gens,
1096 2435 1158 2484 cu·

162 2529 222 2623 jus
234 2529 281 2601 ad
294 2553 389 2600 aram
407 2525 609 2601 Maximam
626 2525 795 2601 Herculis
813 2526 982 2600 familiare
999 2527 1156 2604 sacerdo·

169 2647 261 2721 tium
277 2646 414 2735 luerat,
439 2645 554 2721 servos
580 2647 758 2745 publicos,
785 2646 969 2721 ministerii
987 2649 1153 2746 delegan·
1274 2641 1278 2648 ’

169 2767 207 2842 di
229 2771 358 2855 cauffa,
384 2766 567 2842 sollemnia
588 2768 662 2863 ejus
683 2767 768 2842 lacti
794 2770 973 2843 docuerat.
1024 2766 1153 2842 Tradi-

172 2911 229 2963 tur
247 2886 331 2963 inde
348 2887 448 2962 dictu
465 2872 637 2975 mirabile,
663 2892 697 2962 δι
716 2889 817 2985 quud
840 2886 1064 2964 dimovendis
1089 2890 1152 2964 lla-

133 3098 135 3102 *
169 3030 208 3102 tu
226 3007 290 3082 suo
299 3007 402 3082 sacris
419 3005 628 3106 religionem
644 3005 757 3080 facete
772 3009 893 3104 pollet,
923 3033 1039 3104 quum
1063 3011 1153 3090 duo·

169 3107 289 3202 decim
316 3125 470 3202 familiae
501 3153 542 3201 ea
564 3126 768 3224 tempestate
796 3126 1009 3201 Potitiorum
1032 3131 1152 3218 essent,

166 3250 317 3345 puberes
355 3246 402 3320 ad
435 3246 591 3346 triginta,
626 3272 749 3321 omnes
784 3245 874 3320 intra
905 3272 1039 3320 annum
1066 3275 1152 3323 cum

166 3366 270 3466 stirpe
287 3367 498 3442 exstinelosz
529 3393 596 3441 nec
613 3392 746 3440 nomen
771 3386 909 3438 tantum
935 3364 1150 3442 Potitiorum

165 3486 329 3575 intetiffe,
354 3485 415 3562 sed
441 3485 621 3560 censorem
650 3483 758 3559 etiam
776 3483 954 3583 Appium,
984 3485 1148 3574 memori,

167 3609 289 3682 Deum
323 3605 386 3694 ira,
420 3605 498 3704 post
527 3605 664 3704 aliquot
695 3631 806 3681 annos
838 3603 1036 3679 luminibus
1070 3631 1150 3704 cap-

166 3749 255 3801 turn.

214 3848 339 3922 XXX.
365 3849 491 3944 Itaque
508 3845 681 3933 consules,
708 3844 773 3945 qui
800 3871 884 3940 eum
902 3871 1035 3920 annutn
1052 3845 1149 3922 secu-

165 3966 193 4051 ti
209 3966 303 4057 sunt,
334 3970 378 4042 C.
395 3967 527 4064 Junius
544 3968 729 4040 Bubulcus
746 3965 890 4039 tertium
908 3970 941 4040 &
957 3967 1149 4064 Q'Aemi·

161 4087 232 4170 lius
251 4089 401 4164 Barbula
418 4087 563 4175 iterum,
594 4085 699 4160 initio
725 4084 810 4159 anni
834 4084 949 4182 questi
972 4088 1066 4184 apud
1083 4113 1146 4186 po·
