3067 5342
480 635 517 707 L
541 659 556 706 1
587 660 606 706 a
636 657 658 707 a
686 658 710 706 n
761 635 861 708 VIII.
1108 639 1177 733 287

198 827 293 880 eratz
322 829 469 904 unoque
486 805 619 904 proelio
632 808 730 882 haud
746 804 825 880 sane
845 805 1067 880 memorabili
1089 808 1179 882 duo-

198 953 280 1000 mm
306 927 520 1024 populorum
553 927 728 1001 exercitus
761 923 871 1014 fusus,
919 925 1182 1025 propinquitate

198 1045 346 1122 urbium
364 1047 460 1120 &ad
478 1045 600 1144 fugam
620 1045 777 1144 pronior,
799 1050 832 1118 a
851 1044 888 1117 in
905 1044 991 1145 fuga
1007 1043 1080 1143 ipsa
1095 1047 1180 1122 tuti·

198 1192 240 1239 or
262 1164 342 1240 fuit.
393 1168 473 1239 Nec
500 1185 617 1239 tamen
634 1165 756 1239 omiffa
779 1165 852 1259 ejus
870 1163 954 1238 beIIi
971 1191 1055 1238 cura
1069 1168 1180 1247 Patri·

200 1289 281 1374 bus,
307 1285 394 1384 quia
420 1284 522 1360 toties
545 1287 620 1382 jam
647 1283 798 1359 Sidicini
826 1306 887 1358 aut
909 1283 971 1383 ipfi
997 1309 1181 1363 moverant

200 1407 349 1492 beIIum,
383 1425 445 1478 aut
470 1404 696 1480 moventibus
723 1403 900 1479 auxilium
924 1406 1088 1493 tulerant,
1120 1428 1182 1482 aut

200 1527 315 1598 caussa
331 1550 510 1598 armorum
527 1523 675 1599 fuerant.
726 1527 850 1623 Itaque
869 1523 970 1598 omni
984 1549 1052 1622 ope
1072 1526 1180 1602 adnifi

199 1643 291 1733 sunt,
320 1667 362 1720 ut
372 1644 570 1719 maximum
584 1671 624 1719 ea
640 1645 842 1743 tempestate
857 1643 1104 1742 imperatorem
1120 1648 1180 1720 M.

200 1763 381 1838 Valerium
412 1766 570 1838 Corvum
604 1763 784 1839 consulem
818 1787 985 1863 quartum
1014 1763 1180 1842 facerent.

200 1888 347 1985 Collega
364 1885 506 1959 additus
532 1888 649 1959 Corvo
667 1887 724 1958 M.
741 1883 875 1960 Atilius
891 1887 1069 1984 Regulus.
1119 1891 1180 1976 Et,

201 2031 245 2078 ne
273 2004 361 2078 forte
391 2003 470 2078 casu
501 2027 680 2092 erraretur,
705 2005 859 2103 petitum
887 2010 934 2081 ab
962 1996 1179 2096 consulibus,

200 2146 241 2198 ut
255 2145 354 2198 extra
370 2124 496 2198 sortem
513 2124 621 2198 Corvi
639 2151 679 2198 ea
693 2125 876 2222 provincia
892 2128 983 2199 effer.
1034 2127 1181 2201 Exerci-

201 2263 241 2318 tu
263 2243 396 2318 viciore
423 2270 445 2317 a
468 2242 703 2342 superioribus
729 2244 933 2319 consulibus
949 2266 1109 2344 accept0,
1134 2248 1181 2322 ad

202 2366 317 2452 Cales,
350 2365 448 2444 unde
465 2365 600 2438 beIIum
613 2384 731 2438 ortum
748 2385 832 2453 erat,
857 2363 1048 2463 profereus,
1066 2393 1181 2466 quum

199 2483 327 2572 hostes,
360 2487 405 2558 ab
436 2481 618 2580 superioris
644 2483 750 2557 etiam
776 2485 976 2558 certaminis
1009 2487 1181 2562 memoria

199 2603 360 2702 pavidos,
394 2605 546 2678 clamore
576 2624 682 2700 atque
717 2602 839 2700 inpetu
865 2603 982 2702 primo
1013 2603 1178 2694 fudiffet3

166 2761 168 2766 ·
199 2723 340 2798 moenia
355 2722 428 2821 ipsa
443 2726 648 2822 obpugnare
661 2721 711 2795 est
727 2724 914 2822 adgreffus.
964 2727 1012 2797 Et
1021 2723 1179 2799 militum

200 2843 350 2940 quidem
376 2841 405 2916 is
431 2865 503 2916 erat
528 2844 644 2930 ardor,
687 2863 729 2916 ut
749 2843 825 2939 jam
851 2842 936 2918 inde
964 2869 1049 2918 cum
1082 2843 1180 2919 scalis

200 2961 387 3038 succedere
402 2963 448 3035 ad
465 2987 585 3036 muros
610 2964 755 3052 vellent,
789 2962 1017 3064 evasurosque
1033 2985 1179 3040 conten·

198 3083 333 3156 derenr.
400 3085 551 3173 Corvus,
600 3084 688 3183 quia
702 3083 741 3159 id
774 3085 926 3159 arduum
959 3083 1055 3159 sacru
1093 3105 1177 3175 erat,

199 3205 317 3277 labore
336 3200 494 3278 militum
520 3203 653 3301 potius,
681 3228 792 3301 quam
815 3203 986 3302 periculo,
1016 3231 1180 3306 peragere

199 3321 384 3422 inceptum
409 3323 533 3398 voluit.
582 3324 706 3420 Iraque
729 3349 891 3423 aggerem
908 3330 942 3398 δι
958 3324 1076 3399 vineas
1092 3324 1179 3426 egit,-

199 3441 380 3543 turresque
410 3468 514 3518 muro
546 3440 729 3516 admovit:
775 3469 925 3542 quarum
954 3444 1058 3518 usum
1091 3446 1181 3522 forte

199 3565 316 3638 oblata
342 3561 585 3662 obportunitas
609 3561 804 3660 praevertit.
854 3566 1021 3662 Namque
1038 3567 1096 3639 M.
1114 3569 1180 3641 Fa-

200 3685 294 3772 bius,
329 3684 488 3781 captivus
502 3686 702 3769 Romanus,
736 3707 863 3780 quum,
893 3685 1180 3782 perneglentiam

202 3802 393 3879 custodum
423 3802 509 3877 festo
535 3801 595 3877 die
617 3801 771 3878 vinculis
797 3801 922 3900 ruptis,
948 3828 1011 3900 per
1036 3829 1180 3880 murum

200 3923 291 3999 inter
305 3950 410 4024 opera
427 3926 687 4012 Romanorum,
721 3921 865 4023 religata
879 3922 925 3995 ad
941 3921 1087 4018 pinnam
1101 3948 1180 3997 mu·

200 4043 333 4121 rireste
350 4044 542 4144 suspensus,
574 4042 739 4119 manibus
756 4041 790 4117 se
820 4041 1003 4117 demififfet
1010 4075 1022 4132 3
1052 4069 1179 4142 perpu-
