3067 5342
373 751 419 825 86
690 747 1007 821 T.L1v11

375 932 400 967 “
419 918 601 1020 piatioque
618 944 743 995 eorum
761 918 799 995 in
816 918 914 995 libris
931 944 992 1019 per
1012 916 1220 993 duumviros
1246 943 1353 1017 quae-

376 1052 401 1085 “
420 1062 563 1117 teretur.
619 1041 715 1114 Cum
743 1038 951 1117 Caeretibus
984 1036 1179 1135 hospitium
1208 1038 1356 1137 publice

376 1172 403 1207 “
421 1163 532 1246 fieret,
566 1158 771 1257 quodsacra
788 1158 913 1257 populi
929 1158 1085 1235 Romani
1104 1186 1144 1233 ac
1162 1156 1357 1235 sacerdotes

377 1291 402 1326 “
422 1278 638 1376 recepissent,
666 1278 914 1377 beneficioque
945 1278 1018 1373 ejus
1050 1278 1175 1379 populi
1203 1304 1277 1353 non
1303 1277 1358 1352 in-

377 1412 403 1445 “
422 1399 594 1475 termissus
610 1400 724 1473 honos
741 1401 864 1474 Deum
887 1398 1128 1473 inmortalium
1149 1400 1246 1475 esset:
1279 1398 1359 1473 ludi

378 1532 404 1565 “
423 1518 614 1618 Capitolini
631 1520 767 1604 fierent,
802 1520 903 1615 quod
920 1516 1060 1615 Jupiter
1074 1516 1232 1615 optimus
1246 1516 1360 1593 maxi-

379 1652 404 1683 “
423 1666 505 1713 mus
521 1637 619 1711 suam
642 1636 760 1713 sedem
787 1658 893 1735 atque
918 1664 1035 1713 arcem
1058 1636 1183 1737 populi
1201 1637 1362 1715 Romani

381 1758 463 1832 “in
496 1784 533 1832 re
563 1756 700 1855 trepida
726 1778 860 1831 tutatus
887 1758 985 1831 effer:
1017 1756 1284 1855 collegiumque
1315 1758 1364 1833 ad

381 1890 407 1923 “
426 1904 504 1953 earn
518 1904 592 1951 rem
610 1878 668 1950 M.
683 1875 812 1951 Furius
826 1876 976 1951 didator
992 1876 1220 1953 constitueret
1236 1902 1281 1951 ex
1304 1874 1362 1963 iis,

385 2009 409 2041 ‘⁴
428 1996 493 2095 qui
511 1996 548 2070 in
563 1994 742 2093 Capitolio
752 2018 858 2095 atque
872 2022 948 2071 arce
966 1995 1198 2076 habitarent.”
1249 1994 1364 2092 Expi-

381 2120 494 2193 andae
511 2116 619 2192 etiarn
636 2114 734 2191 vocis
752 2118 957 2204 nosturnae,
988 2141 1081 2214 quae
1103 2115 1235 2193 nuncia
1252 2114 1362 2191 cladis

382 2257 462 2311 ante
490 2238 627 2311 bellum
654 2234 837 2312 Gallicum
864 2234 987 2309 audita
1009 2236 1240 2333 negles'taque
1267 2236 1362 2324 esset,

382 2355 518 2431 mentio
542 2354 661 2442 inlata,
687 2356 896 2454 jussumque
922 2356 1098 2453 templum
1116 2354 1154 2429 in
1178 2358 1284 2430 Nova
1306 2354 1365 2429 via

384 2478 455 2573 njo
480 2474 640 2551 Locutio
665 2474 752 2549 fieri.
803 2480 962 2563 Aurum,
996 2476 1098 2574 quod
1127 2474 1240 2581 Gallis
1265 2502 1363 2574 erep-

383 2617 463 2671 turn
478 2616 563 2683 erat,
598 2596 772 2693 quodque
792 2620 836 2669 ex
853 2592 929 2671 aliis
946 2594 1087 2693 templis
1104 2595 1195 2671 inter
1211 2594 1364 2695 trepida-

385 2716 520 2791 tionem
552 2716 590 2789 in
623 2714 723 2810 Jovis
752 2715 878 2789 cellam
911 2716 1106 2803 conlatum,
1153 2742 1282 2815 quum,
1326 2714 1364 2789 in

386 2862 478 2935 quae
494 2834 613 2912 referri
630 2854 819 2935 oporteret,
849 2833 995 2909 confusa
1009 2835 1181 2911 memoria
1193 2838 1288 2924 esset,
1314 2834 1364 2909 sa·

386 2982 488 3031 crum
514 2981 621 3029 omne
644 2952 864 3051 judicatum,
887 2956 922 3029 ἃ
950 2953 1015 3031 sub
1044 2955 1145 3050 Jovis
1171 2953 1252 3031 sella
1279 2954 1366 3053 poni

381 3076 527 3171 jussum.
577 3076 659 3170 Jam
675 3096 755 3149 ante
772 3074 811 3149 in
828 3100 871 3149 eo
887 3074 1011 3173 religio
1029 3074 1179 3151 civitatis
1196 3076 1367 3174 adparue-

388 3218 452 3284 rat,
481 3196 595 3293 quod,
630 3219 745 3293 quum
773 3193 811 3266 in
828 3193 975 3292 publico
998 3194 1127 3271 deesset
1153 3220 1294 3285 aumm,
1321 3222 1368 3270 ex

389 3339 464 3413 quo
480 3313 619 3393 summa
647 3314 767 3409 pastae
794 3313 967 3389 mercedis
994 3314 1105 3390 Gallis
1132 3316 1312 3403 confieret,
1346 3340 1368 3389 a

389 3431 558 3507 matronis
580 3433 762 3506 conlatum
780 3457 998 3534 acceperant,
1029 3457 1071 3510 ut
1093 3435 1187 3511 sacro
1204 3462 1290 3511 auro
1306 3438 1368 3510 ab·

388 3552 582 3625 stineretur.
633 3552 810 3627 Macronis
825 3554 954 3653 gratiae
968 3558 1077 3645 auae,
1107 3554 1290 3656 honosque
1306 3558 1369 3630 ad-

388 3670 499 3759 ditus,
533 3692 574 3746 ut
607 3698 742 3759 earum,
783 3675 869 3747 srcut
898 3672 1069 3765 virorum,
1106 3675 1182 3773 post
1216 3697 1370 3750 mortem

388 3790 565 3867 sollemnis
594 3791 752 3870 laudatio
782 3793 874 3867 esset.
925 3792 972 3867 Iis
1002 3794 1161 3892 peradis,
1198 3821 1290 3894 quae
1323 3795 1371 3869 ad

390 3915 487 3988 Deos
515 3912 749 4012 pertinebant,
781 3937 945 4010 quaeque
962 3938 1025 4010 per
1041 3912 1200 3989 senatum
1227 3915 1284 4013 agi
1306 3942 1372 4011 po·

388 4052 501 4105 terant
507 4064 520 4119 ;
544 4053 622 4107 turn
640 4034 803 4121 demum,
829 4030 1045 4131 agitantibus
1061 4032 1213 4109 tribunis
1227 4037 1371 4133 plebem

388 4150 529 4226 assiduis
543 4150 791 4241 concionibus,
814 4174 869 4241 ut,
896 4152 1024 4229 relietis
1037 4153 1161 4245 ruinis,
1189 4154 1228 4230 in
1241 4158 1371 4231 urbem
