<?xml version="1.0" encoding="UTF-8"?>
<!DOCTYPE html PUBLIC "-//W3C//DTD XHTML 1.0 Transitional//EN"
    "http://www.w3.org/TR/xhtml1/DTD/xhtml1-transitional.dtd">
<html xmlns="http://www.w3.org/1999/xhtml" xml:lang="en" lang="en">
 <head>
  <title>
</title>
<meta http-equiv="Content-Type" content="text/html;charset=utf-8" />
  <meta name='ocr-system' content='tesseract 3.04.00' />
  <meta name='ocr-capabilities' content='ocr_page ocr_carea ocr_par ocr_line ocrx_word'/>
</head>
<body>
  <div class='ocr_page' id='page_1' title='image "./tliviipatavinih00homegoog_0422.png"; bbox 0 0 3067 5342; ppageno 0'>
   <div class='ocr_carea' id='block_1_1' title="bbox 384 717 1036 812">
    <p class='ocr_par' dir='ltr' id='par_1_1' title="bbox 384 717 1036 812">
     <span class='ocr_line' id='line_1_1' title="bbox 384 717 1036 812; baseline -0.003 -20"><span class='ocrx_word' id='word_1_1' title='bbox 384 743 463 812; x_wconf 84' lang='lat'>414</span> <span class='ocrx_word' id='word_1_2' title='bbox 721 717 1036 792; x_wconf 85' lang='lat' dir='ltr'>T.Lrv11</span> 
     </span>
    </p>
   </div>
   <div class='ocr_carea' id='block_1_2' title="bbox 329 881 1410 4226">
    <p class='ocr_par' dir='ltr' id='par_1_2' title="bbox 377 881 1363 2281">
     <span class='ocr_line' id='line_1_2' title="bbox 384 881 1360 974; baseline -0.004 -10"><span class='ocrx_word' id='word_1_3' title='bbox 384 891 457 964; x_wconf 83' lang='lat' dir='ltr'>Eos</span> <span class='ocrx_word' id='word_1_4' title='bbox 468 914 593 964; x_wconf 81' lang='lat' dir='ltr'>omnes</span> <span class='ocrx_word' id='word_1_5' title='bbox 610 888 743 964; x_wconf 84' lang='lat' dir='ltr'><strong>Fabius</strong></span> <span class='ocrx_word' id='word_1_6' title='bbox 756 891 915 966; x_wconf 85' lang='lat' dir='ltr'>Romam</span> <span class='ocrx_word' id='word_1_7' title='bbox 932 891 977 964; x_wconf 88' lang='lat' dir='ltr'>ad</span> <span class='ocrx_word' id='word_1_8' title='bbox 994 888 1153 964; x_wconf 89' lang='lat' dir='ltr'>senatum</span> <span class='ocrx_word' id='word_1_9' title='bbox 1177 881 1286 960; x_wconf 78' lang='lat' dir='ltr'>misit:</span> <span class='ocrx_word' id='word_1_10' title='bbox 1316 887 1360 974; x_wconf 75' lang='lat' dir='ltr'>a,</span> 
     </span>
     <span class='ocr_line' id='line_1_3' title="bbox 381 1003 1359 1108; baseline -0.005 -25"><span class='ocrx_word' id='word_1_11' title='bbox 381 1035 497 1107; x_wconf 91' lang='lat' dir='ltr'>quum</span> <span class='ocrx_word' id='word_1_12' title='bbox 510 1011 706 1108; x_wconf 82' lang='lat' dir='ltr'>quaesrtum</span> <span class='ocrx_word' id='word_1_13' title='bbox 722 1011 817 1098; x_wconf 82' lang='lat' dir='ltr'>esset,</span> <span class='ocrx_word' id='word_1_14' title='bbox 843 1010 997 1096; x_wconf 71' lang='lat' dir='ltr'>delectu,</span> <span class='ocrx_word' id='word_1_15' title='bbox 1024 1033 1069 1082; x_wconf 91' lang='lat' dir='ltr'>an</span> <span class='ocrx_word' id='word_1_16' title='bbox 1094 1003 1284 1080; x_wconf 76' lang='lat' dir='ltr'>vohtntarii</span> <span class='ocrx_word' id='word_1_17' title='bbox 1300 1031 1359 1103; x_wconf 93' lang='lat' dir='ltr'>pto</span> 
     </span>
     <span class='ocr_line' id='line_1_4' title="bbox 381 1126 1362 1222; baseline -0.006 -20"><span class='ocrx_word' id='word_1_18' title='bbox 381 1126 600 1204; x_wconf 80' lang='lat' dir='ltr'>Samnitibus</span> <span class='ocrx_word' id='word_1_19' title='bbox 638 1127 802 1204; x_wconf 85' lang='lat' dir='ltr'>adversus</span> <span class='ocrx_word' id='word_1_20' title='bbox 841 1131 1025 1203; x_wconf 75' lang='lat' dir='ltr'>Romanos</span> <span class='ocrx_word' id='word_1_21' title='bbox 1065 1129 1258 1211; x_wconf 81' lang='lat' dir='ltr'>bellassent,</span> <span class='ocrx_word' id='word_1_22' title='bbox 1306 1149 1362 1222; x_wconf 89' lang='lat' dir='ltr'>pet</span> 
     </span>
     <span class='ocr_line' id='line_1_5' title="bbox 382 1245 1362 1347; baseline -0.003 -25"><span class='ocrx_word' id='word_1_23' title='bbox 382 1245 533 1324; x_wconf 78' lang='lat' dir='ltr'>Latinos</span> <span class='ocrx_word' id='word_1_24' title='bbox 566 1249 719 1347; x_wconf 78' lang='lat' dir='ltr'>populos</span> <span class='ocrx_word' id='word_1_25' title='bbox 752 1245 977 1323; x_wconf 83' lang='lat' dir='ltr'>custodiendi</span> <span class='ocrx_word' id='word_1_26' title='bbox 1005 1247 1144 1321; x_wconf 89' lang='lat' dir='ltr'>dantur.</span> <span class='ocrx_word' id='word_1_27' title='bbox 1212 1249 1362 1344; x_wconf 87' lang='lat' dir='ltr'>Juffique</span> 
     </span>
     <span class='ocr_line' id='line_1_6' title="bbox 380 1365 1363 1468; baseline -0.003 -25"><span class='ocrx_word' id='word_1_28' title='bbox 380 1393 462 1443; x_wconf 82' lang='lat' dir='ltr'>earu</span> <span class='ocrx_word' id='word_1_29' title='bbox 489 1365 662 1468; x_wconf 82' lang='lat' dir='ltr'>integram</span> <span class='ocrx_word' id='word_1_30' title='bbox 695 1393 770 1441; x_wconf 90' lang='lat' dir='ltr'>rem</span> <span class='ocrx_word' id='word_1_31' title='bbox 801 1365 884 1442; x_wconf 88' lang='lat' dir='ltr'>novi</span> <span class='ocrx_word' id='word_1_32' title='bbox 916 1366 1088 1454; x_wconf 85' lang='lat' dir='ltr'>consules,</span> <span class='ocrx_word' id='word_1_33' title='bbox 1122 1369 1164 1440; x_wconf 92' lang='grc' dir='ltr'>Ρ.</span> <span class='ocrx_word' id='word_1_34' title='bbox 1183 1365 1363 1442; x_wconf 87' lang='lat' dir='ltr'>Cornelius</span> 
     </span>
     <span class='ocr_line' id='line_1_7' title="bbox 383 1483 1361 1589; baseline -0.003 -26"><span class='ocrx_word' id='word_1_35' title='bbox 383 1483 777 1589; x_wconf 67' lang='lat' dir='ltr'>ArvinaQMarcius</span> <span class='ocrx_word' id='word_1_36' title='bbox 792 1489 999 1576; x_wconf 88' lang='lat' dir='ltr'><strong>Tremulus,</strong></span> <span class='ocrx_word' id='word_1_37' title='bbox 1019 1486 1060 1584; x_wconf 92' lang='lat' dir='ltr'>(ii</span> <span class='ocrx_word' id='word_1_38' title='bbox 1071 1485 1253 1583; x_wconf 84' lang='lat' dir='ltr'>enimjam</span> <span class='ocrx_word' id='word_1_39' title='bbox 1263 1484 1361 1560; x_wconf 86' lang='lat' dir='ltr'>creati</span> 
     </span>
     <span class='ocr_line' id='line_1_8' title="bbox 379 1603 1360 1705; baseline -0.005 -23"><span class='ocrx_word' id='word_1_40' title='bbox 379 1609 492 1700; x_wconf 88' lang='lat' dir='ltr'>etant)</span> <span class='ocrx_word' id='word_1_41' title='bbox 510 1607 556 1680; x_wconf 89' lang='lat' dir='ltr'>ad</span> <span class='ocrx_word' id='word_1_42' title='bbox 572 1606 732 1682; x_wconf 88' lang='lat' dir='ltr'>senatum</span> <span class='ocrx_word' id='word_1_43' title='bbox 747 1606 882 1682; x_wconf 87' lang='lat' dir='ltr'>referre.</span> <span class='ocrx_word' id='word_1_44' title='bbox 925 1609 970 1680; x_wconf 88' lang='lat' dir='ltr'>Id</span> <span class='ocrx_word' id='word_1_45' title='bbox 981 1631 1083 1705; x_wconf 86' lang='lat' dir='ltr'>aegre</span> <span class='ocrx_word' id='word_1_46' title='bbox 1099 1609 1183 1704; x_wconf 90' lang='lat' dir='ltr'>paffi</span> <span class='ocrx_word' id='word_1_47' title='bbox 1202 1603 1360 1692; x_wconf 89' lang='lat' dir='ltr'>Hemici‚</span> 
     </span>
     <span class='ocr_line' id='line_1_9' title="bbox 380 1723 1360 1824; baseline -0.004 -23"><span class='ocrx_word' id='word_1_48' title='bbox 380 1725 578 1802; x_wconf 87' lang='lat' dir='ltr'>concilium</span> <span class='ocrx_word' id='word_1_49' title='bbox 597 1727 814 1824; x_wconf 92' lang='lat' dir='ltr'>populorum</span> <span class='ocrx_word' id='word_1_50' title='bbox 831 1726 995 1802; x_wconf 92' lang='lat' dir='ltr'>omnium</span> <span class='ocrx_word' id='word_1_51' title='bbox 1014 1723 1231 1800; x_wconf 82' lang='lat' dir='ltr'>habentibus</span> <span class='ocrx_word' id='word_1_52' title='bbox 1248 1731 1360 1823; x_wconf 82' lang='lat' dir='ltr'>Anag-</span> 
     </span>
     <span class='ocr_line' id='line_1_10' title="bbox 380 1843 1362 1944; baseline -0.003 -24"><span class='ocrx_word' id='word_1_53' title='bbox 380 1843 474 1920; x_wconf 87' lang='lat' dir='ltr'>ninis</span> <span class='ocrx_word' id='word_1_54' title='bbox 487 1844 525 1920; x_wconf 93' lang='lat' dir='ltr'>in</span> <span class='ocrx_word' id='word_1_55' title='bbox 542 1843 650 1933; x_wconf 90' lang='lat' dir='ltr'>circo,</span> <span class='ocrx_word' id='word_1_56' title='bbox 681 1869 792 1944; x_wconf 92' lang='lat' dir='ltr'>quem</span> <span class='ocrx_word' id='word_1_57' title='bbox 812 1844 1040 1920; x_wconf 85' lang='lat' dir='ltr'>Maritimum</span> <span class='ocrx_word' id='word_1_58' title='bbox 1059 1865 1203 1934; x_wconf 87' lang='lat' dir='ltr'>vocant,</span> <span class='ocrx_word' id='word_1_59' title='bbox 1237 1865 1362 1944; x_wconf 91' lang='lat' dir='ltr'>praeter</span> 
     </span>
     <span class='ocr_line' id='line_1_11' title="bbox 377 1964 1355 2063; baseline -0.003 -22"><span class='ocrx_word' id='word_1_60' title='bbox 377 1964 624 2055; x_wconf 86' lang='lat' dir='ltr'>Alatrinatem,</span> <span class='ocrx_word' id='word_1_61' title='bbox 670 1965 1020 2063; x_wconf 79' lang='lat' dir='ltr'>Ferentinatemque,</span> <span class='ocrx_word' id='word_1_62' title='bbox 1059 1969 1094 2040; x_wconf 72' lang='lat' dir='ltr'>t:</span> <span class='ocrx_word' id='word_1_63' title='bbox 1126 1967 1355 2051; x_wconf 82' lang='lat' dir='ltr'>Verulanum,</span> 
     </span>
     <span class='ocr_line' id='line_1_12' title="bbox 379 2083 1360 2185; baseline -0.001 -26"><span class='ocrx_word' id='word_1_64' title='bbox 379 2110 504 2162; x_wconf 78' lang='lat' dir='ltr'>omnes</span> <span class='ocrx_word' id='word_1_65' title='bbox 533 2083 686 2161; x_wconf 88' lang='lat' dir='ltr'>Hernici</span> <span class='ocrx_word' id='word_1_66' title='bbox 709 2083 865 2160; x_wconf 86' lang='lat' dir='ltr'>nominis</span> <span class='ocrx_word' id='word_1_67' title='bbox 881 2086 1017 2185; x_wconf 90' lang='lat' dir='ltr'>populo</span> <span class='ocrx_word' id='word_1_68' title='bbox 1040 2087 1211 2161; x_wconf 89' lang='lat' dir='ltr'>Romano</span> <span class='ocrx_word' id='word_1_69' title='bbox 1234 2086 1360 2161; x_wconf 90' lang='lat' dir='ltr'>bellum</span> 
     </span>
     <span class='ocr_line' id='line_1_13' title="bbox 379 2204 598 2281; baseline 0.005 -2"><span class='ocrx_word' id='word_1_70' title='bbox 379 2204 598 2281; x_wconf 85' lang='lat' dir='ltr'>indixerunt.</span> 
     </span>
    </p>

    <p class='ocr_par' dir='ltr' id='par_1_3' title="bbox 329 2305 1410 4226">
     <span class='ocr_line' id='line_1_14' title="bbox 425 2305 1357 2426; baseline -0.004 -26"><span class='ocrx_word' id='word_1_71' title='bbox 425 2327 564 2400; x_wconf 82' lang='lat' dir='ltr'><strong>XLIII.</strong></span> <span class='ocrx_word' id='word_1_72' title='bbox 580 2327 623 2398; x_wconf 91' lang='lat' dir='ltr'>In</span> <span class='ocrx_word' id='word_1_73' title='bbox 639 2325 783 2400; x_wconf 87' lang='lat' dir='ltr'>Samnio</span> <span class='ocrx_word' id='word_1_74' title='bbox 798 2349 959 2426; x_wconf 89' lang='lat' dir='ltr'>quoque,</span> <span class='ocrx_word' id='word_1_75' title='bbox 976 2305 1062 2425; x_wconf 75' lang='lat' dir='ltr'>quia</span> <span class='ocrx_word' id='word_1_76' title='bbox 1077 2327 1266 2402; x_wconf 87' lang='lat' dir='ltr'>decesserat</span> <span class='ocrx_word' id='word_1_77' title='bbox 1279 2323 1357 2398; x_wconf 91' lang='lat' dir='ltr'>inde</span> 
     </span>
     <span class='ocr_line' id='line_1_15' title="bbox 379 2443 1360 2542; baseline -0.001 -23"><span class='ocrx_word' id='word_1_78' title='bbox 379 2443 525 2533; x_wconf 82' lang='lat' dir='ltr'>Fabius,</span> <span class='ocrx_word' id='word_1_79' title='bbox 542 2443 627 2519; x_wconf 85' lang='lat' dir='ltr'>novi</span> <span class='ocrx_word' id='word_1_80' title='bbox 637 2467 757 2519; x_wconf 89' lang='lat' dir='ltr'>motus</span> <span class='ocrx_word' id='word_1_81' title='bbox 774 2445 898 2520; x_wconf 87' lang='lat' dir='ltr'>exorti.</span> <span class='ocrx_word' id='word_1_82' title='bbox 948 2445 1132 2522; x_wconf 87' lang='lat' dir='ltr'>Calatia&amp;</span> <span class='ocrx_word' id='word_1_83' title='bbox 1150 2451 1250 2535; x_wconf 83' lang='lat' dir='ltr'>Sora,</span> <span class='ocrx_word' id='word_1_84' title='bbox 1271 2467 1360 2542; x_wconf 89' lang='lat' dir='ltr'>prae·</span> 
     </span>
     <span class='ocr_line' id='line_1_16' title="bbox 377 2563 1359 2668; baseline -0.004 -30"><span class='ocrx_word' id='word_1_85' title='bbox 377 2563 546 2664; x_wconf 86' lang='lat' dir='ltr'>srdiaque,</span> <span class='ocrx_word' id='word_1_86' title='bbox 561 2589 654 2664; x_wconf 86' lang='lat' dir='ltr'>quae</span> <span class='ocrx_word' id='word_1_87' title='bbox 671 2563 708 2638; x_wconf 95' lang='lat' dir='ltr'>in</span> <span class='ocrx_word' id='word_1_88' title='bbox 726 2564 771 2641; x_wconf 80' lang='lat' dir='ltr'>iis</span> <span class='ocrx_word' id='word_1_89' title='bbox 783 2568 949 2640; x_wconf 87' lang='lat' dir='ltr'>Romana</span> <span class='ocrx_word' id='word_1_90' title='bbox 962 2585 1072 2654; x_wconf 89' lang='lat' dir='ltr'>erant,</span> <span class='ocrx_word' id='word_1_91' title='bbox 1090 2586 1311 2668; x_wconf 73' lang='lat' dir='ltr'>expugnatae</span> <span class='ocrx_word' id='word_1_92' title='bbox 1328 2565 1359 2635; x_wconf 77' lang='lat' dir='ltr'>a</span> 
     </span>
     <span class='ocr_line' id='line_1_17' title="bbox 379 2683 1358 2784; baseline -0.003 -26"><span class='ocrx_word' id='word_1_93' title='bbox 379 2683 416 2758; x_wconf 89' lang='lat' dir='ltr'>in</span> <span class='ocrx_word' id='word_1_94' title='bbox 442 2683 665 2784; x_wconf 85' lang='lat' dir='ltr'>captivorum</span> <span class='ocrx_word' id='word_1_95' title='bbox 691 2709 839 2783; x_wconf 84' lang='lat' dir='ltr'>corpora</span> <span class='ocrx_word' id='word_1_96' title='bbox 867 2685 1026 2760; x_wconf 89' lang='lat' dir='ltr'>militum</span> <span class='ocrx_word' id='word_1_97' title='bbox 1052 2685 1157 2760; x_wconf 87' lang='lat' dir='ltr'>foede</span> <span class='ocrx_word' id='word_1_98' title='bbox 1182 2684 1358 2762; x_wconf 82' lang='lat' dir='ltr'>saevitum.</span> 
     </span>
     <span class='ocr_line' id='line_1_18' title="bbox 375 2803 1357 2904; baseline -0.005 -26"><span class='ocrx_word' id='word_1_99' title='bbox 375 2805 499 2904; x_wconf 88' lang='lat' dir='ltr'>Itaque</span> <span class='ocrx_word' id='word_1_100' title='bbox 532 2831 576 2880; x_wconf 92' lang='lat' dir='ltr'>eo</span> <span class='ocrx_word' id='word_1_101' title='bbox 613 2808 653 2881; x_wconf 88' lang='lat' dir='ltr'>P.</span> <span class='ocrx_word' id='word_1_102' title='bbox 687 2803 874 2880; x_wconf 83' lang='lat' dir='ltr'>Cornelius</span> <span class='ocrx_word' id='word_1_103' title='bbox 911 2829 998 2880; x_wconf 88' lang='lat' dir='ltr'>cum</span> <span class='ocrx_word' id='word_1_104' title='bbox 1038 2805 1197 2882; x_wconf 86' lang='lat' dir='ltr'>exercitu</span> <span class='ocrx_word' id='word_1_105' title='bbox 1234 2803 1357 2880; x_wconf 76' lang='lat' dir='ltr'>missua</span> 
     </span>
     <span class='ocr_line' id='line_1_19' title="bbox 376 2919 1358 3026; baseline -0.003 -27"><span class='ocrx_word' id='word_1_106' title='bbox 376 2923 520 2999; x_wconf 90' lang='lat' dir='ltr'>Marcio</span> <span class='ocrx_word' id='word_1_107' title='bbox 536 2924 625 2999; x_wconf 86' lang='lat' dir='ltr'>novi</span> <span class='ocrx_word' id='word_1_108' title='bbox 644 2924 760 3000; x_wconf 82' lang='lat' dir='ltr'>hostes</span> <span class='ocrx_word' id='word_1_109' title='bbox 779 2925 864 3022; x_wconf 75' lang='lat' dir='ltr'>(jam</span> <span class='ocrx_word' id='word_1_110' title='bbox 881 2923 978 3000; x_wconf 89' lang='lat' dir='ltr'>enim</span> <span class='ocrx_word' id='word_1_111' title='bbox 1004 2925 1207 3026; x_wconf 83' lang='lat' dir='ltr'>Anagninis</span> <span class='ocrx_word' id='word_1_112' title='bbox 1233 2919 1358 3000; x_wconf 89' lang='lat' dir='ltr'>Herni-</span> 
     </span>
     <span class='ocr_line' id='line_1_20' title="bbox 376 3041 1357 3142; baseline -0.006 -22"><span class='ocrx_word' id='word_1_113' title='bbox 376 3041 499 3141; x_wconf 86' lang='lat' dir='ltr'>cisque</span> <span class='ocrx_word' id='word_1_114' title='bbox 542 3043 620 3118; x_wconf 81' lang='lat' dir='ltr'>aliis</span> <span class='ocrx_word' id='word_1_115' title='bbox 652 3045 789 3120; x_wconf 89' lang='lat' dir='ltr'>bellum</span> <span class='ocrx_word' id='word_1_116' title='bbox 823 3045 958 3142; x_wconf 87' lang='lat' dir='ltr'>jussum</span> <span class='ocrx_word' id='word_1_117' title='bbox 994 3047 1081 3140; x_wconf 87' lang='lat' dir='ltr'>erat)</span> <span class='ocrx_word' id='word_1_118' title='bbox 1114 3047 1357 3120; x_wconf 86' lang='lat' dir='ltr'>decemuntur.</span> 
     </span>
     <span class='ocr_line' id='line_1_21' title="bbox 375 3163 1357 3263; baseline -0.006 -23"><span class='ocrx_word' id='word_1_119' title='bbox 375 3163 497 3240; x_wconf 87' lang='lat' dir='ltr'>Primo</span> <span class='ocrx_word' id='word_1_120' title='bbox 514 3163 564 3239; x_wconf 89' lang='lat' dir='ltr'>ita</span> <span class='ocrx_word' id='word_1_121' title='bbox 576 3163 699 3238; x_wconf 91' lang='lat' dir='ltr'>omnia</span> <span class='ocrx_word' id='word_1_122' title='bbox 721 3185 923 3263; x_wconf 88' lang='lat' dir='ltr'>opportuna</span> <span class='ocrx_word' id='word_1_123' title='bbox 937 3165 1015 3238; x_wconf 85' lang='lat' dir='ltr'>loca</span> <span class='ocrx_word' id='word_1_124' title='bbox 1033 3165 1147 3240; x_wconf 89' lang='lat' dir='ltr'>hostes</span> <span class='ocrx_word' id='word_1_125' title='bbox 1171 3165 1264 3242; x_wconf 90' lang='lat' dir='ltr'>inter</span> <span class='ocrx_word' id='word_1_126' title='bbox 1279 3187 1357 3239; x_wconf 91' lang='lat' dir='ltr'>con-</span> 
     </span>
     <span class='ocr_line' id='line_1_22' title="bbox 374 3277 1410 3383; baseline 0.004 -27"><span class='ocrx_word' id='word_1_127' title='bbox 374 3281 492 3358; x_wconf 89' lang='lat' dir='ltr'>sulum</span> <span class='ocrx_word' id='word_1_128' title='bbox 509 3283 618 3360; x_wconf 81' lang='lat' dir='ltr'>castra</span> <span class='ocrx_word' id='word_1_129' title='bbox 633 3282 906 3383; x_wconf 88' lang='lat' dir='ltr'>interceperunt,</span> <span class='ocrx_word' id='word_1_130' title='bbox 934 3306 977 3359; x_wconf 93' lang='lat' dir='ltr'>ut</span> <span class='ocrx_word' id='word_1_131' title='bbox 998 3287 1187 3382; x_wconf 87' lang='lat' dir='ltr'>pervadere</span> <span class='ocrx_word' id='word_1_132' title='bbox 1215 3277 1357 3383; x_wconf 83' lang='lat' dir='ltr'>expedi·</span> <span class='ocrx_word' id='word_1_133' title='bbox 1407 3353 1410 3360; x_wconf 93' lang='lat'><em>.</em></span> 
     </span>
     <span class='ocr_line' id='line_1_23' title="bbox 373 3397 1356 3502; baseline -0.004 -26"><span class='ocrx_word' id='word_1_134' title='bbox 373 3423 430 3476; x_wconf 84' lang='lat' dir='ltr'>tus</span> <span class='ocrx_word' id='word_1_135' title='bbox 446 3403 601 3478; x_wconf 82' lang='lat' dir='ltr'>nuncius</span> <span class='ocrx_word' id='word_1_136' title='bbox 619 3429 693 3478; x_wconf 92' lang='lat' dir='ltr'>non</span> <span class='ocrx_word' id='word_1_137' title='bbox 709 3405 834 3502; x_wconf 79' lang='lat' dir='ltr'>posset,</span> <span class='ocrx_word' id='word_1_138' title='bbox 863 3408 897 3478; x_wconf 77' lang='lat' dir='ltr'>It</span> <span class='ocrx_word' id='word_1_139' title='bbox 914 3429 977 3502; x_wconf 88' lang='lat' dir='ltr'>per</span> <span class='ocrx_word' id='word_1_140' title='bbox 993 3404 1129 3501; x_wconf 78' lang='lat' dir='ltr'>aliquot</span> <span class='ocrx_word' id='word_1_141' title='bbox 1146 3405 1221 3480; x_wconf 89' lang='lat' dir='ltr'>dies</span> <span class='ocrx_word' id='word_1_142' title='bbox 1240 3397 1356 3480; x_wconf 87' lang='lat' dir='ltr'>incerti</span> 
     </span>
     <span class='ocr_line' id='line_1_24' title="bbox 329 3512 1356 3622; baseline -0.002 -26"><span class='ocrx_word' id='word_1_143' title='bbox 329 3512 333 3517; x_wconf 82' lang='lat'>.</span> <span class='ocrx_word' id='word_1_144' title='bbox 374 3546 491 3596; x_wconf 90' lang='lat' dir='ltr'>rerum</span> <span class='ocrx_word' id='word_1_145' title='bbox 505 3521 684 3612; x_wconf 87' lang='lat' dir='ltr'>omnium,</span> <span class='ocrx_word' id='word_1_146' title='bbox 702 3521 923 3622; x_wconf 79' lang='lat' dir='ltr'>suspensique</span> <span class='ocrx_word' id='word_1_147' title='bbox 937 3525 982 3597; x_wconf 89' lang='lat' dir='ltr'>de</span> <span class='ocrx_word' id='word_1_148' title='bbox 993 3523 1083 3598; x_wconf 87' lang='lat' dir='ltr'>statu</span> <span class='ocrx_word' id='word_1_149' title='bbox 1101 3524 1255 3616; x_wconf 83' lang='lat' dir='ltr'>alterius,</span> <span class='ocrx_word' id='word_1_150' title='bbox 1268 3543 1356 3597; x_wconf 87' lang='lat' dir='ltr'>uter·</span> 
     </span>
     <span class='ocr_line' id='line_1_25' title="bbox 373 3639 1354 3742; baseline 0.011 -27"><span class='ocrx_word' id='word_1_151' title='bbox 373 3667 446 3741; x_wconf 91' lang='lat' dir='ltr'>que</span> <span class='ocrx_word' id='word_1_152' title='bbox 462 3639 587 3717; x_wconf 91' lang='lat' dir='ltr'>consul</span> <span class='ocrx_word' id='word_1_153' title='bbox 600 3663 733 3742; x_wconf 81' lang='lat' dir='ltr'>ageret,</span> <span class='ocrx_word' id='word_1_154' title='bbox 751 3645 982 3741; x_wconf 87' lang='lat' dir='ltr'>Romamque</span> <span class='ocrx_word' id='word_1_155' title='bbox 1002 3643 1031 3718; x_wconf 91' lang='lat' dir='ltr'>is</span> <span class='ocrx_word' id='word_1_156' title='bbox 1048 3667 1164 3720; x_wconf 88' lang='lat' dir='ltr'>metus</span> <span class='ocrx_word' id='word_1_157' title='bbox 1181 3659 1354 3726; x_wconf 67' lang='lat' dir='ltr'>manaret}</span> 
     </span>
     <span class='ocr_line' id='line_1_26' title="bbox 370 3761 1353 3864; baseline -0.003 -27"><span class='ocrx_word' id='word_1_158' title='bbox 370 3765 461 3838; x_wconf 90' lang='lat' dir='ltr'>adeo</span> <span class='ocrx_word' id='word_1_159' title='bbox 483 3782 528 3837; x_wconf 91' lang='lat' dir='ltr'>ut</span> <span class='ocrx_word' id='word_1_160' title='bbox 553 3789 678 3838; x_wconf 84' lang='lat' dir='ltr'>omnes</span> <span class='ocrx_word' id='word_1_161' title='bbox 696 3761 857 3859; x_wconf 86' lang='lat' dir='ltr'>juniores</span> <span class='ocrx_word' id='word_1_162' title='bbox 882 3762 1097 3838; x_wconf 90' lang='lat' dir='ltr'>sacramento</span> <span class='ocrx_word' id='word_1_163' title='bbox 1121 3764 1353 3864; x_wconf 86' lang='lat' dir='ltr'>adigerentur,</span> 
     </span>
     <span class='ocr_line' id='line_1_27' title="bbox 370 3881 1353 3982; baseline -0.003 -26"><span class='ocrx_word' id='word_1_164' title='bbox 370 3902 479 3982; x_wconf 88' lang='lat' dir='ltr'>atque</span> <span class='ocrx_word' id='word_1_165' title='bbox 492 3885 538 3958; x_wconf 88' lang='lat' dir='ltr'>ad</span> <span class='ocrx_word' id='word_1_166' title='bbox 552 3881 668 3957; x_wconf 85' lang='lat' dir='ltr'>subita</span> <span class='ocrx_word' id='word_1_167' title='bbox 683 3907 802 3957; x_wconf 88' lang='lat' dir='ltr'>rerum</span> <span class='ocrx_word' id='word_1_168' title='bbox 819 3885 893 3958; x_wconf 93' lang='lat' dir='ltr'>duo</span> <span class='ocrx_word' id='word_1_169' title='bbox 904 3883 990 3980; x_wconf 91' lang='lat' dir='ltr'>justi</span> <span class='ocrx_word' id='word_1_170' title='bbox 1013 3882 1246 3960; x_wconf 89' lang='lat' dir='ltr'>scriberentur</span> <span class='ocrx_word' id='word_1_171' title='bbox 1262 3905 1353 3961; x_wconf 84' lang='lat' dir='ltr'>exet-</span> 
     </span>
     <span class='ocr_line' id='line_1_28' title="bbox 372 4001 1354 4106; baseline 0.004 -29"><span class='ocrx_word' id='word_1_172' title='bbox 372 4001 475 4077; x_wconf 88' lang='lat' dir='ltr'>citus.</span> <span class='ocrx_word' id='word_1_173' title='bbox 541 4003 711 4077; x_wconf 88' lang='lat' dir='ltr'>Ceterum</span> <span class='ocrx_word' id='word_1_174' title='bbox 735 4001 940 4078; x_wconf 87' lang='lat' dir='ltr'>Hernicum</span> <span class='ocrx_word' id='word_1_175' title='bbox 971 4005 1107 4079; x_wconf 91' lang='lat' dir='ltr'>bellum</span> <span class='ocrx_word' id='word_1_176' title='bbox 1133 4020 1354 4106; x_wconf 76' lang='lat' dir='ltr'>nequaquam</span> 
     </span>
     <span class='ocr_line' id='line_1_29' title="bbox 370 4120 1354 4226; baseline -0.002 -29"><span class='ocrx_word' id='word_1_177' title='bbox 370 4148 435 4223; x_wconf 88' lang='lat' dir='ltr'>pro</span> <span class='ocrx_word' id='word_1_178' title='bbox 461 4120 631 4225; x_wconf 86' lang='lat' dir='ltr'>praesenti</span> <span class='ocrx_word' id='word_1_179' title='bbox 663 4143 791 4199; x_wconf 88' lang='lat' dir='ltr'>terrore</span> <span class='ocrx_word' id='word_1_180' title='bbox 822 4149 862 4200; x_wconf 85' lang='lat' dir='ltr'>ac</span> <span class='ocrx_word' id='word_1_181' title='bbox 888 4121 1057 4200; x_wconf 86' lang='lat' dir='ltr'>vetustate</span> <span class='ocrx_word' id='word_1_182' title='bbox 1081 4122 1196 4226; x_wconf 79' lang='lat' dir='ltr'>gentis</span> <span class='ocrx_word' id='word_1_183' title='bbox 1228 4121 1354 4226; x_wconf 83' lang='lat' dir='ltr'>gloriae</span> 
     </span>
    </p>
   </div>
   <div class='ocr_carea' id='block_1_3' title="bbox 0 0 1538 5342">
    <p class='ocr_par' dir='ltr' id='par_1_4' title="bbox 0 0 1538 5342">
     <span class='ocr_line' id='line_1_30' title="bbox 0 0 1538 5342; baseline 0 3"><span class='ocrx_word' id='word_1_184' title='bbox 0 0 1538 5342; x_wconf 95' lang='lat' dir='ltr'> </span> 
     </span>
    </p>
   </div>
  </div>
 </body>
</html>
