3067 5342
469 673 700 750 [ΑΒΗ
756 671 839 749 v11.
1070 675 1135 766 185

106 851 111 863 '
154 871 229 946 que
245 845 387 945 agrestis
408 846 532 938 animi,
557 851 592 921 δι
615 873 836 946 quamquam
854 873 927 920 non
945 845 1058 944 civilis
1075 873 1136 922 ex-

153 964 280 1064 empli,
297 986 417 1040 tamen
431 967 559 1065 pietate
576 967 765 1042 laudabile.
783 966 1137 1043 Inscientibuscunc-

154 1085 215 1174 tis,
247 1088 361 1160 cultro
383 1085 599 1176 subcinuus,
626 1115 729 1162 mane
752 1087 791 1162 in
818 1091 958 1175 urbem,
985 1107 1092 1186 atque
1119 1113 1140 1162 a

154 1227 258 1304 porta
284 1208 437 1281 domum
464 1208 650 1283 confestim
670 1211 716 1282 ad
738 1212 796 1282 M.
815 1206 1060 1305 Pomponium
1077 1207 1137 1284 tri-

154 1329 299 1400 bunum
325 1326 460 1426 pergit:
479 1329 637 1423 janitori,
667 1339 802 1426 “opus
820 1329 886 1402 effe
908 1326 970 1402 fibi
988 1326 1138 1402 domino

155 1456 183 1490 ‘⁶
201 1446 276 1542 ejus
293 1469 469 1522 convento
485 1450 700 1548 extemplo,”
720 1455 779 1523 ait.
819 1459 844 1494 ‘⁶
862 1445 1073 1533 Nunciaret,
1089 1449 1138 1521 T.
1197 1475 1199 1478 ·

155 1566 387 1642 “Manlium
413 1571 460 1641 L.
483 1568 599 1642 filium
624 1571 725 1643 effe.''
775 1571 871 1642 Mox
900 1566 1138 1655 introduuus,

157 1686 310 1784 (etenim
332 1686 509 1785 percitum
536 1688 586 1762 ira
608 1688 646 1794 in
665 1711 799 1788 patrem
817 1687 892 1786 spes
909 1708 981 1762 erat
996 1708 1058 1761 aut
1072 1686 1138 1764 cri·

153 1805 264 1909 minis
286 1807 425 1905 aliquid
448 1807 546 1896 novi,
577 1809 784 1884 aut·confilii
800 1812 845 1883 ad
859 1793 933 1883 iem
950 1807 1137 1906 agendam,

155 1926 308 2020 deferre)
326 1927 451 2004 salute
477 1949 622 2026 accepta
652 1929 876 2028 redditaque,
911 1939 935 1972 “
955 1929 1043 2001 effe'’
1076 1933 1138 2012 ait,

157 2058 185 2100 ‘⁴
203 2073 295 2145 quae
313 2075 398 2122 cum
414 2076 458 2122 eo
473 2075 575 2150 agere
591 2048 727 2124 arbitris
741 2047 884 2123 remotis
896 2038 1016 2122 velits’
1054 2048 1139 2121 Pro·

157 2170 219 2242 cul
236 2167 320 2242 inde
337 2168 729 2266 omnibusabirejuffis‚
743 2171 900 2244 cultuum
913 2165 1071 2266 stringit:
1091 2170 1139 2254 δι,

156 2287 260 2385 super
274 2290 407 2362 le&um
422 2289 513 2363 stans
528 2288 618 2363 ferro
635 2289 785 2378 intentu,
804 2289 879 2377 nifi,
904 2289 941 2362 in
958 2315 1049 2388 quae
1068 2286 1139 2384 ipse

157 2407 372 2506 concepiffet
383 2411 502 2496 verba,
514 2410 660 2505 juraret,
678 2420 704 2452 “
721 2407 753 2482 se
767 2409 873 2506 patris
886 2411 959 2506 ejus
976 2397 1140 2482 accusan-

158 2527 242 2602 “di
273 2529 389 2601 cauffa
411 2528 607 2603 concilium
635 2529 749 2627 plebis
775 2555 973 2628 numquam
999 2526 1140 2601 habitu-

160 2659 185 2693 “
203 2650 323 2736 rum‚'’
349 2648 383 2722 se
399 2674 484 2723 eum
505 2651 685 2746 extemplo
702 2651 955 2723 transfixurum
975 2648 1141 2722 minatur.

160 2767 317 2843 Pauidus
333 2768 500 2843 tribunus
520 2769 670 2868 (quippe
689 2768 753 2868 qui
774 2768 906 2843 ferrum
921 2787 1001 2842 ante
1017 2769 1139 2841 oculos

159 2887 304 2976 micare,
331 2887 364 2962 se
390 2887 518 2977 solum,
546 2888 716 2962 inermem
728 2923 740 2976 3
773 2888 874 2962 illum
898 2887 1141 2986 praevalidum

154 3009 340 3105 juvenem,
372 3011 421 3096 δι,
444 3009 546 3106 quod
572 3010 669 3083 haud
695 3008 815 3082 minus
833 3008 1035 3083 timendum
1055 3030 1157 3096 erat,-

160 3128 286 3202 stolide
303 3126 458 3203 ferocem
474 3128 610 3202 viribus
628 3127 698 3202 suis
724 3131 896 3222 cerneret)
925 3129 1074 3225 adjurat,
1103 3128 1140 3202 in

160 3275 252 3347 quae
269 3249 414 3322 adauus
430 3248 480 3323 est
492 3251 617 3335 verbm
641 3253 675 3323 δι
691 3275 772 3347 prae
787 3248 819 3322 se
838 3248 968 3354 deinde¹
982 3250 1078 3336 tulit,
1101 3275 1143 3322 ea

160 3368 195 3442 vi
212 3367 399 3443 subabum
412 3367 446 3444 se
460 3369 603 3467 incepto
614 3368 790 3443 destitiffe.
825 3371 905 3444 Nec
922 3369 1083 3468 perinde,
1101 3389 1143 3441 ut

161 3488 337 3563 maluiffet
350 3490 484 3587 plebes,
509 3488 572 3563 fibi
589 3488 742 3588 suffragii
756 3489 892 3564 ferendi
910 3493 955 3564 de
972 3509 1045 3562 tam
1063 3513 1142 3563 cru-

162 3608 234 3684 deli
252 3613 287 3682 &
305 3607 456 3706 superbo
471 3632 531 3682 reo
547 3609 753 3706 potestatem
770 3608 869 3698 fieri;
901 3609 949 3683 ita
964 3635 1065 3708 aegre
1081 3612 1142 3683 ha-

164 3729 257 3816 buit,
275 3729 393 3803 filium
407 3729 446 3803 id
456 3755 520 3828 pro
533 3749 675 3827 parente
684 3728 820 3803 ausum.
872 3731 999 3826 quue
1012 3731 1051 3802 id
1068 3731 1142 3804 lau·

164 3848 319 3924 dabilius
341 3872 427 3938 erat,
454 3851 554 3949 quod
576 3849 739 3924 animum
761 3849 835 3944 ejus
859 3869 954 3922 tanta
975 3849 1143 3924 acerbitas

168 3968 278 4065 patria
293 3969 383 4044 nihil
408 3997 429 4045 a
445 3971 574 4070 pietate
591 3968 773 4044 avertiffet.
823 3971 949 4067 Itaque
967 3994 1039 4043 non
1056 3969 1145 4067 patri

169 4091 277 4166 modo
286 4090 423 4166 remiffa
438 4093 572 4170 canuae
589 4089 701 4165 diuio
715 4089 778 4180 est,
792 4088 852 4166 sed
869 4088 930 4190 ipfi
943 4089 1049 4164 etiam
1060 4093 1145 4165 ado·
