3067 5342
398 697 439 744 12
655 637 1034 746 ΙΤ.Ῑ,ινιι

393 855 417 886 “
436 863 503 918 tate
533 843 676 941 inpofita
703 871 748 920 ex
775 845 890 920 alieno
915 840 1124 944 'praedandi
1165 865 1279 942 quum
1305 839 1368 915 sua

392 975 417 1006 “
435 961 620 1052 amiserint,
647 989 770 1062 agrum
794 965 950 1038 nostrum
970 961 1166 1036 invasuros?
1203 987 1275 1034 non
1294 957 1367 1034 dif-

392 1093 416 1125 “
435 1081 578 1157 ferimus
607 1083 716 1182 igitur
742 1085 877 1158 bellum
907 1082 971 1156 isto
1004 1079 1159 1167 romilio,
1190 1077 1250 1154 sed
1275 1079 1367 1152 intra

391 1213 415 1244 “
435 1203 521 1276 fines
542 1201 674 1276 nostros
699 1201 902 1300 accipimus.
951 1200 1081 1301 Qtid?
1124 1198 1227 1285 illud,
1264 1199 1366 1295 quod

391 1329 416 1364 “
434 1321 569 1419 proprie
581 1323 626 1395 ad
640 1321 767 1394 milites
783 1321 945 1419 pertinet,
971 1319 1102 1417 quibus
1121 1317 1207 1392 boni
1230 1315 1366 1392 tribuni

390 1439 544 1538 “plebis
570 1465 683 1538 quum
706 1439 920 1538 stipendium
944 1460 1150 1537 extorquere
1175 1435 1365 1523 voluerint,

372 1569 415 1658 .“
434 1587 528 1634 nunc
561 1558 760 1635 consultum
793 1579 933 1656 repente
961 1560 1099 1645 volunt,
1141 1559 1244 1655 quale
1280 1555 1366 1628 est?

389 1689 415 1722 “
435 1681 576 1754 Vallum
589 1676 793 1777 fossamque,
819 1677 971 1777 ingentis
985 1699 1171 1774 utramque
1188 1702 1261 1750 rem
1280 1700 1365 1772 ope·

389 1809 415 1842 “
434 1796 493 1885 ris,
523 1823 585 1895 per
611 1819 750 1872 tantum
770 1795 869 1894 spatii
898 1800 1095 1872 duxerunt:
1128 1795 1265 1870 castella
1292 1793 1364 1893 pri-

389 1926 494 1989 “mo
516 1941 639 2013 pauca,
672 1916 802 2014 postea,
836 1915 992 1990 exercitu
1009 1919 1125 2003 audio,
1155 1912 1365 1989 creberrima

392 2045 416 2078 “
435 2034 613 2108 fecerunt:
658 2035 872 2110 munitiones
905 2062 978 2109 non
1011 2035 1049 2108 in
1079 2037 1206 2110 urbem
1238 2034 1363 2120 mode,

389 2163 413 2198 ‘⁸
433 2151 546 2227 sedin
565 2153 741 2228 Etruriam
773 2153 878 2228 etiam
903 2154 1105 2252 spedantes‚
1132 2157 1156 2226 fi
1181 2179 1253 2252 quu
1277 2152 1363 2225 inde

388 2283 414 2316 “
432 2272 563 2348 auxilia
578 2272 732 2360 veniant,
756 2272 959 2370 obposuere.
1008 2272 1111 2373 Qrid
1125 2293 1246 2360 turres,
1271 2269 1363 2367 quid

389 2390 550 2465 “vineas
573 2391 885 2489 testudinesque&
911 2391 1021 2465 alium
1043 2392 1363 2490 obpugnandamm

388 2521 413 2554 “
432 2509 575 2584 urbium
592 2513 797 2608 adparatum
813 2512 958 2608 loquar?
1007 2517 1134 2611 Qum
1158 2531 1297 2584 tantum
1313 2511 1361 2582 la·

389 2641 414 2672 “
432 2627 525 2706 boris
552 2629 759 2706 exhaustum
787 2633 838 2717 fit,
868 2633 902 2704 δι
935 2632 981 2704 ad
1006 2633 1115 2706 finem
1140 2631 1216 2726 jam
1248 2627 1363 2727 operis

389 2759 413 2792 “
431 2749 574 2826 tandem
596 2769 804 2846 perventum
810 2781 822 2836 3
850 2747 1125 2847 relinquendane
1142 2752 1229 2824 haec
1243 2746 1359 2823 cense-

388 2879 413 2911 “
432 2867 489 2954 tis,
513 2888 553 2941 ut
570 2869 614 2942 ad
634 2866 797 2944 aestatem
812 2867 927 2941 rursus
947 2895 1061 2942 novus
1085 2869 1130 2942 de
1153 2867 1291 2968 integro
1306 2867 1362 2941 his

388 2985 653 3060 “instituendis
680 2986 868 3061 exsudetur
892 2989 1016 3062 labor?
1065 2993 1211 3087 Qanto
1227 2988 1277 3062 est
1293 2986 1362 3062 mi-

387 3118 497 3180 “nus
523 3133 626 3204 opera
654 3104 872 3193 coninua,
912 3105 1111 3193 &instem
1146 3111 1181 3180 δι
1205 3105 1361 3206 perseve-

387 3237 411 3270 “
431 3251 514 3313 rare,
547 3224 767 3324 defungique
786 3228 890 3298 cura?
940 3225 1058 3299 Brevis
1081 3225 1179 3300 enim
1205 3227 1363 3326 profedo

388 3357 412 3389 “
431 3370 482 3418 res
500 3344 561 3430 est,
592 3347 615 3416 fi
631 3370 706 3417 uno
720 3363 838 3418 tenore
861 3345 1049 3443 peragitur,
1069 3373 1135 3422 nec
1158 3346 1217 3444 ipsr
1232 3372 1294 3445 per
1306 3346 1361 3420 in-

389 3474 414 3507 “
432 3462 656 3538 temtilsrones
683 3465 745 3536 has
774 3462 1022 3561 intervallaque
1048 3465 1231 3540 lentiorem
1264 3463 1361 3565 spem

387 3593 412 3627 ‘⁶
431 3581 581 3656 nostram
611 3581 770 3656 facimus.
828 3585 978 3681 [equor
1008 3584 1054 3656 de
1086 3610 1202 3682 opere,
1246 3591 1280 3660 ἃ
1314 3587 1360 3660 de

386 3701 594 3801 “temporis
616 3703 759 3798 jactura.
815 3701 943 3802 Qtid?
971 3701 1132 3799 periculi,
1160 3706 1261 3801 quod
1290 3703 1359 3778 dif-

247 3815 248 3822 '
387 3834 411 3866 “
429 3822 574 3898 ferendo
601 3825 695 3897 bello
714 3821 867 3909 adimus,
899 3848 987 3896 num
1006 3821 1164 3897 oblivisci
1192 3849 1256 3898 nos
1272 3825 1359 3899 haec

383 3954 410 3985 “
430 3957 500 4015 tam
517 3946 636 4018 crebra
653 3940 810 4016 Etruriae
833 3939 985 4016 concilia
1000 3945 1045 4016 de
1061 3941 1243 4018 mittendis
1254 3945 1359 4040 Vejos

386 4074 411 4107 “
429 4061 568 4138 auxiliis
580 4059 783 4162 patiuntur?
833 4061 890 4137 Ut
910 4087 1007 4138 nunc
1020 4087 1072 4138 res
1086 4061 1119 4138 se
1135 4065 1254 4151 habet,
1280 4062 1358 4138 irati
