3067 5342
442 723 791 800 Lrssle.
1064 749 1132 826 371

160 892 312 994 quitem,
342 891 493 994 sagittas,
517 895 620 974 saltus
639 897 829 996 inpeditos,
860 923 936 974 avra
958 915 1134 972 commea·

158 999 256 1089 tibris
271 1016 350 1089 loca
365 1015 590 1116 gravisarmis
602 1017 703 1096 miles
716 1017 839 1092 timere·
854 1017 977 1116 potest.
1027 1017 1134 1093 Mille

157 1134 263 1221 acies,
286 1134 459 1234 graviores
475 1162 583 1235 quam
599 1139 844 1212 Macedonum
857 1159 962 1236 atque
979 1139 1134 1212 Alexan-

158 1251 229 1342 dri,
254 1253 391 1342 avertit‚
425 1277 625 1354 avertetque
636 1289 648 1343 ;
678 1258 788 1332 modo
805 1259 844 1331 fit
859 1277 1048 1354 perpetuus
1065 1259 1132 1330 hu·

151 1374 227 1470 jus,
257 1399 330 1471 qua
344 1373 511 1464 vivimus,
542 1376 636 1475 pacis
649 1401 748 1450 amor
761 1379 795 1449 &
814 1373 926 1450 civilis
943 1401 1028 1451 cura
1048 1402 1133 1452 con·

158 1493 310 1569 cordiae.

153 1631 160 1661 ⁸
213 1615 298 1688 XX.
331 1601 390 1690 M.
408 1610 542 1691 Fossius
559 1615 778 1692 Flaccinator
799 1614 883 1691 inde
909 1619 941 1692 &
965 1619 1012 1692 L.
1030 1619 1134 1692 Plau·

158 1729 230 1808 tius
240 1737 368 1810 Venno
385 1733 542 1811 consules
558 1736 653 1812 fasti.
703 1739 759 1811 Eo
775 1762 868 1810 anno
880 1741 925 1812 ab
941 1735 1134 1837 frequenti·

160 1856 229 1930 bus
250 1853 462 1930 Samnitium
477 1857 616 1954 populis
632 1859 678 1930 de
694 1854 835 1931 foedere
860 1859 1061 1932 renovando
1086 1859 1134 1931 le·

159 1973 246 2073 goti,
270 1999 385 2073 quum
414 1974 572 2051 senatum
604 1975 706 2051 humi
732 1976 826 2052 strati
852 1976 1049 2066 movissent,
1082 2001 1135 2052 re·

154 2092 241 2190 jetti
258 2095 304 2168 ad
329 2097 506 2193 populum
522 2097 799 2196 haudquaquam
815 2117 888 2170 tam
904 2099 1060 2172 efficaces
1075 2098 1136 2170 ha-

161 2216 294 2289 bebant
320 2240 450 2312 preces.
499 2217 638 2313 Itaque,
663 2214 804 2290 foedere
821 2236 962 2315 negato,
995 2213 1137 2289 induci-

159 2359 200 2408 ae
217 2331 368 2422 biennii,
389 2358 505 2432 quum
514 2360 576 2434 per
584 2333 721 2435 aliquot
730 2334 805 2410 dies
819 2334 1012 2436 fatigassent
1021 2337 1136 2434 lingo·

160 2454 213 2527 los
235 2452 412 2550 precibus,
436 2453 637 2552 inpetratae.
687 2455 736 2529 Et
761 2471 807 2528 ert
823 2453 958 2553 Apulia
974 2455 1137 2529 Teanen

159 2571 212 2647 ses
225 2571 462 2671 Canusinique
476 2572 763 2672 populationibus
780 2571 865 2662 sessi,
892 2573 1071 2649 obfidibus
1087 2574 1135 2648 L.

160 2692 301 2767 Plautio
334 2690 469 2768 consuli
496 2691 598 2780 datis,
639 2691 677 2765 in
706 2691 927 2767 deditionem
953 2713 1136 2770 venerunt

159 2813 300 2887 Eodem
311 2837 405 2888 anno
415 2813 572 2909 primum
580 2810 744 2912 praesedi
760 2813 903 2911 Capuae'
912 2810 1019 2886 creari
1031 2835 1137 2910 coep-

159 2929 201 3020 ti,
232 2929 372 3031 legibus
395 2935 440 3007 ab
466 2935 513 3007 1.
543 2931 654 3006 Furio
682 2953 838 3031 praetore
867 2930 978 3006 datiss
1020 2954 1137 3029 quum

159 3071 354 3150 utrumque
369 3050 430 3150 ipsr
447 3077 511 3151 pro
528 3050 686 3126 remedio
701 3050 813 3150 aegris
833 3055 936 3126 rebus
962 3047 1138 3125 discordia

160 3169 324 3245 intestina
339 3171 510 3270 petissent.
560 3173 609 3246 Et
636 3171 727 3245 duae
755 3172 893 3245 Romae
916 3167 1058 3247 additae
1075 3167 1137 3243 tri-

160 3291 242 3379 bus,
276 3289 451 3365 Ufentina
471 3317 512 3366 ac
535 3289 706 3364 Falerina.
755 3289 936 3364 Inclinatis
965 3289 1070 3364 semel
1097 3287 1136 3363 in

159 3409 294 3509 Apulia
325 3414 444 3498 rebus,
475 3413 603 3484 Teates
635 3432 782 3508 quoque
809 3407 922 3506 Apuli
954 3411 1000 3482 ad
1026 3433 1136 3482 novos

158 3527 331 3618 consules,
362 3531 405 3605 C.
432 3529 585 3624 Junium
612 3529 830 3616 Bubulcum,
862 3533 920 3628 Q
938 3527 1136 3603 Aemilium

160 3651 362 3738 Barbulam,
388 3647 513 3724 foedus
545 3647 701 3747 petitum
726 3667 912 3735 venerunt,
952 3646 1048 3744 pacis
1074 3673 1137 3744 per

159 3793 306 3850 omnem
338 3766 510 3865 Apuliam
549 3767 772 3867 praestandae
802 3766 937 3863 populo
969 3769 1137 3841 Romano

159 3889 329 3962 auetores.
377 3888 421 3962 Id
437 3887 601 3962 sudaster
625 3885 833 3985 spondendo
850 3885 1078 3985 inpetravere,
1095 3906 1138 3960 ut

162 4004 288 4083 foedus
313 4007 472 4082 daretur:
502 4032 620 4106 neque
645 4027 687 4081 ut
707 4032 823 4106 aequo
847 4026 965 4080 tamen
982 4003 1137 4094 foedere,

162 4121 222 4199 sed
245 4145 288 4201 ut
304 4125 342 4203 in
364 4124 501 4203 ditione
517 4124 641 4228 populi
657 4124 815 4202 Romani
836 4129 953 4202 essent.
1003 4125 1141 4226 Apulia
