<?xml version="1.0" encoding="UTF-8"?>
<!DOCTYPE html PUBLIC "-//W3C//DTD XHTML 1.0 Transitional//EN"
    "http://www.w3.org/TR/xhtml1/DTD/xhtml1-transitional.dtd">
<html xmlns="http://www.w3.org/1999/xhtml" xml:lang="en" lang="en">
 <head>
  <title>
</title>
<meta http-equiv="Content-Type" content="text/html;charset=utf-8" />
  <meta name='ocr-system' content='tesseract 3.04.00' />
  <meta name='ocr-capabilities' content='ocr_page ocr_carea ocr_par ocr_line ocrx_word'/>
</head>
<body>
  <div class='ocr_page' id='page_1' title='image "./tliviipatavinih00homegoog_0298.png"; bbox 0 0 3067 5342; ppageno 0'>
   <div class='ocr_carea' id='block_1_1' title="bbox 390 715 1037 820">
    <p class='ocr_par' dir='ltr' id='par_1_1' title="bbox 390 715 1037 820">
     <span class='ocr_line' id='line_1_1' title="bbox 390 715 1037 820; baseline -0.009 -26"><span class='ocrx_word' id='word_1_1' title='bbox 390 743 462 820; x_wconf 80' lang='lat'>290</span> <span class='ocrx_word' id='word_1_2' title='bbox 722 715 1037 790; x_wconf 86' lang='lat' dir='ltr'>T.Lrv11</span> 
     </span>
    </p>
   </div>
   <div class='ocr_carea' id='block_1_2' title="bbox 397 878 1393 3624">
    <p class='ocr_par' dir='ltr' id='par_1_2' title="bbox 397 878 1393 3624">
     <span class='ocr_line' id='line_1_2' title="bbox 444 878 1375 986; baseline -0.013 -24"><span class='ocrx_word' id='word_1_3' title='bbox 444 887 580 962; x_wconf 87' lang='lat' dir='ltr'><strong>XVIII.</strong></span> <span class='ocrx_word' id='word_1_4' title='bbox 606 887 748 962; x_wconf 88' lang='lat' dir='ltr'>Foedus</span> <span class='ocrx_word' id='word_1_5' title='bbox 778 885 964 986; x_wconf 88' lang='lat' dir='ltr'>insequens</span> <span class='ocrx_word' id='word_1_6' title='bbox 987 909 1101 959; x_wconf 84' lang='lat' dir='ltr'>annus</span> <span class='ocrx_word' id='word_1_7' title='bbox 1122 879 1181 954; x_wconf 93' lang='lat' dir='ltr'>seu</span> <span class='ocrx_word' id='word_1_8' title='bbox 1204 878 1375 975; x_wconf 89' lang='lat' dir='ltr'>intempe-</span> 
     </span>
     <span class='ocr_line' id='line_1_3' title="bbox 397 997 1376 1096; baseline -0.012 -14"><span class='ocrx_word' id='word_1_9' title='bbox 397 1005 447 1082; x_wconf 87' lang='lat' dir='ltr'>rie</span> <span class='ocrx_word' id='word_1_10' title='bbox 473 1007 576 1096; x_wconf 89' lang='lat' dir='ltr'>coeli,</span> <span class='ocrx_word' id='word_1_11' title='bbox 601 1005 659 1082; x_wconf 90' lang='lat' dir='ltr'>seu</span> <span class='ocrx_word' id='word_1_12' title='bbox 694 1009 852 1081; x_wconf 86' lang='lat' dir='ltr'>humana</span> <span class='ocrx_word' id='word_1_13' title='bbox 878 1005 998 1081; x_wconf 79' lang='lat' dir='ltr'>fraude</span> <span class='ocrx_word' id='word_1_14' title='bbox 1025 1001 1107 1089; x_wconf 87' lang='lat' dir='ltr'>fuit,</span> <span class='ocrx_word' id='word_1_15' title='bbox 1134 1003 1193 1074; x_wconf 90' lang='lat' dir='ltr'>M.</span> <span class='ocrx_word' id='word_1_16' title='bbox 1222 997 1376 1074; x_wconf 86' lang='lat' dir='ltr'>Claudio</span> 
     </span>
     <span class='ocr_line' id='line_1_4' title="bbox 398 1121 1377 1214; baseline -0.01 -14"><span class='ocrx_word' id='word_1_17' title='bbox 398 1127 585 1214; x_wconf 89' lang='lat' dir='ltr'>Marcello,</span> <span class='ocrx_word' id='word_1_18' title='bbox 611 1127 653 1200; x_wconf 92' lang='lat' dir='ltr'>C.</span> <span class='ocrx_word' id='word_1_19' title='bbox 676 1126 817 1201; x_wconf 90' lang='lat' dir='ltr'>Valerio</span> <span class='ocrx_word' id='word_1_20' title='bbox 843 1124 1057 1200; x_wconf 90' lang='lat' dir='ltr'>consulibus.</span> <span class='ocrx_word' id='word_1_21' title='bbox 1107 1123 1279 1196; x_wconf 87' lang='lat' dir='ltr'><strong>Flaccum</strong></span> <span class='ocrx_word' id='word_1_22' title='bbox 1306 1121 1377 1191; x_wconf 92' lang='lat' dir='ltr'>Po-</span> 
     </span>
     <span class='ocr_line' id='line_1_5' title="bbox 399 1237 1378 1344; baseline -0.004 -26"><span class='ocrx_word' id='word_1_23' title='bbox 399 1243 578 1344; x_wconf 85' lang='lat' dir='ltr'>titumque</span> <span class='ocrx_word' id='word_1_24' title='bbox 608 1244 699 1320; x_wconf 90' lang='lat' dir='ltr'>varie</span> <span class='ocrx_word' id='word_1_25' title='bbox 726 1245 763 1320; x_wconf 90' lang='lat' dir='ltr'>in</span> <span class='ocrx_word' id='word_1_26' title='bbox 794 1245 978 1320; x_wconf 87' lang='lat' dir='ltr'>annalibus</span> <span class='ocrx_word' id='word_1_27' title='bbox 1006 1266 1207 1342; x_wconf 85' lang='lat' dir='ltr'>cognomen</span> <span class='ocrx_word' id='word_1_28' title='bbox 1224 1237 1378 1315; x_wconf 85' lang='lat' dir='ltr'>consulis</span> 
     </span>
     <span class='ocr_line' id='line_1_6' title="bbox 400 1357 1379 1462; baseline -0.012 -20"><span class='ocrx_word' id='word_1_29' title='bbox 400 1365 562 1442; x_wconf 69' lang='lat' dir='ltr'>invenior</span> <span class='ocrx_word' id='word_1_30' title='bbox 595 1388 764 1454; x_wconf 89' lang='lat' dir='ltr'>ceterum,</span> <span class='ocrx_word' id='word_1_31' title='bbox 795 1365 834 1440; x_wconf 89' lang='lat' dir='ltr'>in</span> <span class='ocrx_word' id='word_1_32' title='bbox 856 1391 913 1452; x_wconf 88' lang='lat' dir='ltr'>eo,</span> <span class='ocrx_word' id='word_1_33' title='bbox 938 1363 1036 1462; x_wconf 87' lang='lat' dir='ltr'>parvi</span> <span class='ocrx_word' id='word_1_34' title='bbox 1054 1360 1170 1450; x_wconf 85' lang='lat' dir='ltr'>refert,</span> <span class='ocrx_word' id='word_1_35' title='bbox 1196 1357 1288 1458; x_wconf 92' lang='lat' dir='ltr'>quid</span> <span class='ocrx_word' id='word_1_36' title='bbox 1303 1357 1379 1430; x_wconf 87' lang='lat' dir='ltr'>veri</span> 
     </span>
     <span class='ocr_line' id='line_1_7' title="bbox 400 1478 1377 1584; baseline -0.01 -24"><span class='ocrx_word' id='word_1_37' title='bbox 400 1489 450 1560; x_wconf 85' lang='lat' dir='ltr'>stt.</span> <span class='ocrx_word' id='word_1_38' title='bbox 499 1488 596 1563; x_wconf 95' lang='lat' dir='ltr'>Illud</span> <span class='ocrx_word' id='word_1_39' title='bbox 622 1485 807 1584; x_wconf 86' lang='lat' dir='ltr'>pervelim,</span> <span class='ocrx_word' id='word_1_40' title='bbox 840 1491 922 1582; x_wconf 89' lang='lat' dir='ltr'>(nec</span> <span class='ocrx_word' id='word_1_41' title='bbox 948 1510 1072 1560; x_wconf 89' lang='lat' dir='ltr'>omnes</span> <span class='ocrx_word' id='word_1_42' title='bbox 1100 1483 1259 1558; x_wconf 68' lang='lat' dir='ltr'>auderes</span> <span class='ocrx_word' id='word_1_43' title='bbox 1281 1478 1377 1569; x_wconf 88' lang='lat' dir='ltr'>sunt)</span> 
     </span>
     <span class='ocr_line' id='line_1_8' title="bbox 401 1601 1382 1705; baseline -0.008 -25"><span class='ocrx_word' id='word_1_44' title='bbox 401 1605 585 1705; x_wconf 90' lang='lat' dir='ltr'>proditum</span> <span class='ocrx_word' id='word_1_45' title='bbox 609 1604 693 1681; x_wconf 88' lang='lat' dir='ltr'>falso</span> <span class='ocrx_word' id='word_1_46' title='bbox 715 1609 796 1695; x_wconf 83' lang='lat' dir='ltr'>effe,</span> <span class='ocrx_word' id='word_1_47' title='bbox 830 1603 975 1680; x_wconf 90' lang='lat' dir='ltr'>venenis</span> <span class='ocrx_word' id='word_1_48' title='bbox 1002 1601 1197 1689; x_wconf 83' lang='lat' dir='ltr'>absumtos,</span> <span class='ocrx_word' id='word_1_49' title='bbox 1223 1625 1382 1699; x_wconf 90' lang='lat' dir='ltr'>quorum</span> 
     </span>
     <span class='ocr_line' id='line_1_9' title="bbox 402 1719 1385 1825; baseline -0.008 -25"><span class='ocrx_word' id='word_1_50' title='bbox 402 1751 496 1800; x_wconf 89' lang='lat' dir='ltr'>mors</span> <span class='ocrx_word' id='word_1_51' title='bbox 524 1725 694 1802; x_wconf 87' lang='lat' dir='ltr'>infamem</span> <span class='ocrx_word' id='word_1_52' title='bbox 722 1751 858 1801; x_wconf 88' lang='lat' dir='ltr'>annum</span> <span class='ocrx_word' id='word_1_53' title='bbox 885 1722 1081 1825; x_wconf 87' lang='lat' dir='ltr'>pestilentia</span> <span class='ocrx_word' id='word_1_54' title='bbox 1100 1719 1235 1797; x_wconf 89' lang='lat' dir='ltr'>fecerit.</span> <span class='ocrx_word' id='word_1_55' title='bbox 1282 1719 1385 1795; x_wconf 88' lang='lat' dir='ltr'>Sicut</span> 
     </span>
     <span class='ocr_line' id='line_1_10' title="bbox 404 1843 1383 1944; baseline -0.002 -26"><span class='ocrx_word' id='word_1_56' title='bbox 404 1843 567 1944; x_wconf 89' lang='lat' dir='ltr'>proditur</span> <span class='ocrx_word' id='word_1_57' title='bbox 592 1865 709 1920; x_wconf 91' lang='lat' dir='ltr'>tamen</span> <span class='ocrx_word' id='word_1_58' title='bbox 733 1871 799 1934; x_wconf 87' lang='lat' dir='ltr'>tes,</span> <span class='ocrx_word' id='word_1_59' title='bbox 833 1871 877 1921; x_wconf 94' lang='lat' dir='ltr'>ne</span> <span class='ocrx_word' id='word_1_60' title='bbox 904 1843 965 1920; x_wconf 89' lang='lat' dir='ltr'>cui</span> <span class='ocrx_word' id='word_1_61' title='bbox 990 1845 1177 1918; x_wconf 69' lang='lat' dir='ltr'>auctorum</span> <span class='ocrx_word' id='word_1_62' title='bbox 1193 1844 1303 1916; x_wconf 89' lang='lat' dir='ltr'>fidem</span> <span class='ocrx_word' id='word_1_63' title='bbox 1319 1844 1383 1916; x_wconf 82' lang='lat' dir='ltr'>ab·</span> 
     </span>
     <span class='ocr_line' id='line_1_11' title="bbox 404 1959 1384 2066; baseline -0.005 -26"><span class='ocrx_word' id='word_1_64' title='bbox 404 1965 614 2066; x_wconf 84' lang='lat' dir='ltr'>rogaverim,</span> <span class='ocrx_word' id='word_1_65' title='bbox 638 1967 850 2064; x_wconf 82' lang='lat' dir='ltr'>exponenda</span> <span class='ocrx_word' id='word_1_66' title='bbox 877 1964 938 2039; x_wconf 90' lang='lat' dir='ltr'>est.</span> <span class='ocrx_word' id='word_1_67' title='bbox 986 1969 1115 2065; x_wconf 84' lang='lat' dir='ltr'>Qrum</span> <span class='ocrx_word' id='word_1_68' title='bbox 1141 1962 1310 2060; x_wconf 88' lang='lat' dir='ltr'>primores</span> <span class='ocrx_word' id='word_1_69' title='bbox 1332 1959 1384 2036; x_wconf 86' lang='lat' dir='ltr'>ci·</span> 
     </span>
     <span class='ocr_line' id='line_1_12' title="bbox 405 2081 1386 2181; baseline -0.004 -21"><span class='ocrx_word' id='word_1_70' title='bbox 405 2083 521 2162; x_wconf 84' lang='lat' dir='ltr'>vitatis</span> <span class='ocrx_word' id='word_1_71' title='bbox 545 2083 714 2164; x_wconf 85' lang='lat' dir='ltr'>smilibus</span> <span class='ocrx_word' id='word_1_72' title='bbox 736 2083 884 2172; x_wconf 85' lang='lat' dir='ltr'>morbis,</span> <span class='ocrx_word' id='word_1_73' title='bbox 910 2085 1109 2181; x_wconf 88' lang='lat' dir='ltr'>eodemque</span> <span class='ocrx_word' id='word_1_74' title='bbox 1132 2081 1242 2157; x_wconf 88' lang='lat' dir='ltr'>ferme</span> <span class='ocrx_word' id='word_1_75' title='bbox 1258 2107 1386 2157; x_wconf 89' lang='lat' dir='ltr'>omnes</span> 
     </span>
     <span class='ocr_line' id='line_1_13' title="bbox 406 2203 1385 2302; baseline -0.004 -22"><span class='ocrx_word' id='word_1_76' title='bbox 406 2225 549 2293; x_wconf 82' lang='lat' dir='ltr'>eveum,</span> <span class='ocrx_word' id='word_1_77' title='bbox 583 2227 817 2293; x_wconf 80' lang='lat' dir='ltr'>morerentur3</span> <span class='ocrx_word' id='word_1_78' title='bbox 842 2203 969 2279; x_wconf 84' lang='lat' dir='ltr'>ancilla</span> <span class='ocrx_word' id='word_1_79' title='bbox 990 2205 1167 2302; x_wconf 80' lang='lat' dir='ltr'>quaedam</span> <span class='ocrx_word' id='word_1_80' title='bbox 1184 2203 1230 2276; x_wconf 89' lang='lat' dir='ltr'>ad</span> <span class='ocrx_word' id='word_1_81' title='bbox 1250 2203 1385 2302; x_wconf 78' lang='lat' dir='ltr'>QFa·</span> 
     </span>
     <span class='ocr_line' id='line_1_14' title="bbox 407 2321 1384 2411; baseline -0.004 -11"><span class='ocrx_word' id='word_1_82' title='bbox 407 2321 513 2400; x_wconf 88' lang='lat' dir='ltr'>bium</span> <span class='ocrx_word' id='word_1_83' title='bbox 533 2323 740 2400; x_wconf 83' lang='lat' dir='ltr'>Maximum</span> <span class='ocrx_word' id='word_1_84' title='bbox 770 2323 922 2399; x_wconf 88' lang='lat' dir='ltr'>aedilem</span> <span class='ocrx_word' id='word_1_85' title='bbox 947 2326 1122 2411; x_wconf 89' lang='lat' dir='ltr'>curulem,</span> <span class='ocrx_word' id='word_1_86' title='bbox 1148 2321 1384 2398; x_wconf 89' lang='lat' dir='ltr'>indicaturam</span> 
     </span>
     <span class='ocr_line' id='line_1_15' title="bbox 409 2441 1388 2542; baseline -0.002 -24"><span class='ocrx_word' id='word_1_87' title='bbox 409 2441 443 2518; x_wconf 87' lang='lat' dir='ltr'>se</span> <span class='ocrx_word' id='word_1_88' title='bbox 470 2445 622 2520; x_wconf 75' lang='lat' dir='ltr'>caussam</span> <span class='ocrx_word' id='word_1_89' title='bbox 645 2442 810 2542; x_wconf 90' lang='lat' dir='ltr'>publicae</span> <span class='ocrx_word' id='word_1_90' title='bbox 825 2441 942 2542; x_wconf 86' lang='lat' dir='ltr'>pestis,</span> <span class='ocrx_word' id='word_1_91' title='bbox 974 2442 1121 2542; x_wconf 84' lang='lat' dir='ltr'>professa</span> <span class='ocrx_word' id='word_1_92' title='bbox 1136 2442 1199 2530; x_wconf 90' lang='lat' dir='ltr'>est,</span> <span class='ocrx_word' id='word_1_93' title='bbox 1229 2445 1317 2516; x_wconf 89' lang='lat' dir='ltr'>fiab</span> <span class='ocrx_word' id='word_1_94' title='bbox 1342 2467 1388 2516; x_wconf 89' lang='lat' dir='ltr'>eo</span> 
     </span>
     <span class='ocr_line' id='line_1_16' title="bbox 407 2558 1386 2651; baseline 0 -15"><span class='ocrx_word' id='word_1_95' title='bbox 407 2563 497 2638; x_wconf 86' lang='lat' dir='ltr'>fides</span> <span class='ocrx_word' id='word_1_96' title='bbox 522 2560 585 2638; x_wconf 89' lang='lat' dir='ltr'>fibi</span> <span class='ocrx_word' id='word_1_97' title='bbox 611 2563 692 2636; x_wconf 89' lang='lat' dir='ltr'>data</span> <span class='ocrx_word' id='word_1_98' title='bbox 708 2565 802 2651; x_wconf 79' lang='lat' dir='ltr'>esset,</span> <span class='ocrx_word' id='word_1_99' title='bbox 828 2565 925 2639; x_wconf 83' lang='lat' dir='ltr'>haud</span> <span class='ocrx_word' id='word_1_100' title='bbox 940 2562 1102 2638; x_wconf 88' lang='lat' dir='ltr'>futurum</span> <span class='ocrx_word' id='word_1_101' title='bbox 1127 2587 1239 2638; x_wconf 83' lang='lat' dir='ltr'>noxae</span> <span class='ocrx_word' id='word_1_102' title='bbox 1255 2558 1386 2637; x_wconf 91' lang='lat' dir='ltr'>indici-</span> 
     </span>
     <span class='ocr_line' id='line_1_17' title="bbox 403 2679 1387 2771; baseline 0 -15"><span class='ocrx_word' id='word_1_103' title='bbox 403 2707 484 2757; x_wconf 90' lang='lat' dir='ltr'>um.</span> <span class='ocrx_word' id='word_1_104' title='bbox 535 2680 666 2758; x_wconf 87' lang='lat' dir='ltr'>Fabius</span> <span class='ocrx_word' id='word_1_105' title='bbox 699 2679 885 2757; x_wconf 87' lang='lat' dir='ltr'>confestim</span> <span class='ocrx_word' id='word_1_106' title='bbox 915 2708 991 2759; x_wconf 89' lang='lat' dir='ltr'>rem</span> <span class='ocrx_word' id='word_1_107' title='bbox 1022 2685 1068 2758; x_wconf 88' lang='lat' dir='ltr'>ad</span> <span class='ocrx_word' id='word_1_108' title='bbox 1100 2681 1274 2771; x_wconf 90' lang='lat' dir='ltr'>consules,</span> <span class='ocrx_word' id='word_1_109' title='bbox 1300 2708 1387 2758; x_wconf 92' lang='lat' dir='ltr'>con-</span> 
     </span>
     <span class='ocr_line' id='line_1_18' title="bbox 408 2800 1388 2902; baseline 0 -24"><span class='ocrx_word' id='word_1_110' title='bbox 408 2801 497 2878; x_wconf 89' lang='lat' dir='ltr'>sules</span> <span class='ocrx_word' id='word_1_111' title='bbox 524 2803 571 2876; x_wconf 87' lang='lat' dir='ltr'>ad</span> <span class='ocrx_word' id='word_1_112' title='bbox 593 2800 751 2886; x_wconf 86' lang='lat' dir='ltr'>senatum</span> <span class='ocrx_word' id='word_1_113' title='bbox 782 2802 957 2879; x_wconf 75' lang='lat' dir='ltr'>referuntz</span> <span class='ocrx_word' id='word_1_114' title='bbox 983 2802 1224 2902; x_wconf 86' lang='lat' dir='ltr'>consensuque</span> <span class='ocrx_word' id='word_1_115' title='bbox 1250 2803 1388 2878; x_wconf 89' lang='lat' dir='ltr'>ordinis</span> 
     </span>
     <span class='ocr_line' id='line_1_19' title="bbox 408 2920 1388 3021; baseline 0 -23"><span class='ocrx_word' id='word_1_116' title='bbox 408 2922 498 2998; x_wconf 85' lang='lat' dir='ltr'>fides</span> <span class='ocrx_word' id='word_1_117' title='bbox 531 2920 643 2997; x_wconf 90' lang='lat' dir='ltr'>indici</span> <span class='ocrx_word' id='word_1_118' title='bbox 673 2923 764 3003; x_wconf 78' lang='lat' dir='ltr'>data</span> <span class='ocrx_word' id='word_1_119' title='bbox 813 2925 915 2997; x_wconf 90' lang='lat' dir='ltr'>Tum</span> <span class='ocrx_word' id='word_1_120' title='bbox 947 2921 1177 3021; x_wconf 66' lang='lat' dir='ltr'>patefaslum,</span> <span class='ocrx_word' id='word_1_121' title='bbox 1218 2922 1388 2999; x_wconf 88' lang='lat' dir='ltr'>muliebri</span> 
     </span>
     <span class='ocr_line' id='line_1_20' title="bbox 409 3039 1389 3140; baseline 0.003 -24"><span class='ocrx_word' id='word_1_122' title='bbox 409 3039 534 3116; x_wconf 88' lang='lat' dir='ltr'>fraude</span> <span class='ocrx_word' id='word_1_123' title='bbox 559 3039 738 3117; x_wconf 85' lang='lat' dir='ltr'>civitatem</span> <span class='ocrx_word' id='word_1_124' title='bbox 764 3041 892 3139; x_wconf 89' lang='lat' dir='ltr'>premi,</span> <span class='ocrx_word' id='word_1_125' title='bbox 917 3041 1163 3140; x_wconf 87' lang='lat' dir='ltr'>matronasque</span> <span class='ocrx_word' id='word_1_126' title='bbox 1191 3069 1233 3117; x_wconf 84' lang='lat' dir='ltr'>ea</span> <span class='ocrx_word' id='word_1_127' title='bbox 1252 3069 1389 3120; x_wconf 90' lang='lat' dir='ltr'>venena</span> 
     </span>
     <span class='ocr_line' id='line_1_21' title="bbox 409 3160 1390 3261; baseline 0.005 -27"><span class='ocrx_word' id='word_1_128' title='bbox 409 3185 582 3260; x_wconf 71' lang='lat' dir='ltr'>coquere,</span> <span class='ocrx_word' id='word_1_129' title='bbox 613 3165 661 3250; x_wconf 74' lang='lat' dir='ltr'>br,</span> <span class='ocrx_word' id='word_1_130' title='bbox 686 3165 709 3236; x_wconf 87' lang='lat' dir='ltr'>fi</span> <span class='ocrx_word' id='word_1_131' title='bbox 733 3160 831 3261; x_wconf 87' lang='lat' dir='ltr'>sequi</span> <span class='ocrx_word' id='word_1_132' title='bbox 853 3163 1033 3261; x_wconf 82' lang='lat' dir='ltr'>extemplo</span> <span class='ocrx_word' id='word_1_133' title='bbox 1053 3161 1178 3252; x_wconf 89' lang='lat' dir='ltr'>velint,</span> <span class='ocrx_word' id='word_1_134' title='bbox 1203 3161 1390 3238; x_wconf 88' lang='lat' dir='ltr'>manifesto</span> 
     </span>
     <span class='ocr_line' id='line_1_22' title="bbox 410 3279 1391 3382; baseline 0.003 -26"><span class='ocrx_word' id='word_1_135' title='bbox 410 3281 628 3382; x_wconf 90' lang='lat' dir='ltr'>deprehendi</span> <span class='ocrx_word' id='word_1_136' title='bbox 649 3283 753 3380; x_wconf 87' lang='lat' dir='ltr'>posse.</span> <span class='ocrx_word' id='word_1_137' title='bbox 802 3280 921 3356; x_wconf 87' lang='lat' dir='ltr'>Secuti</span> <span class='ocrx_word' id='word_1_138' title='bbox 939 3279 1110 3370; x_wconf 86' lang='lat' dir='ltr'>indicem,</span> <span class='ocrx_word' id='word_1_139' title='bbox 1144 3287 1391 3382; x_wconf 79' lang='lat' dir='ltr'>&amp;coquentes</span> 
     </span>
     <span class='ocr_line' id='line_1_23' title="bbox 411 3398 1391 3497; baseline 0.003 -23"><span class='ocrx_word' id='word_1_140' title='bbox 411 3398 581 3497; x_wconf 88' lang='lat' dir='ltr'>quasdam</span> <span class='ocrx_word' id='word_1_141' title='bbox 596 3399 866 3489; x_wconf 85' lang='lat' dir='ltr'>medicamenta,</span> <span class='ocrx_word' id='word_1_142' title='bbox 892 3406 927 3476; x_wconf 75' lang='lat' dir='ltr'>dr</span> <span class='ocrx_word' id='word_1_143' title='bbox 943 3402 1126 3477; x_wconf 86' lang='lat' dir='ltr'>recondita</span> <span class='ocrx_word' id='word_1_144' title='bbox 1141 3402 1220 3492; x_wconf 93' lang='lat' dir='ltr'>alia,</span> <span class='ocrx_word' id='word_1_145' title='bbox 1245 3401 1391 3478; x_wconf 88' lang='lat' dir='ltr'>invene·</span> 
     </span>
     <span class='ocr_line' id='line_1_24' title="bbox 410 3518 1393 3624; baseline 0.006 -32"><span class='ocrx_word' id='word_1_146' title='bbox 410 3540 504 3593; x_wconf 89' lang='lat' dir='ltr'>runt.</span> <span class='ocrx_word' id='word_1_147' title='bbox 559 3519 702 3622; x_wconf 82' lang='lat' dir='ltr'>Qtibus</span> <span class='ocrx_word' id='word_1_148' title='bbox 732 3518 770 3594; x_wconf 94' lang='lat' dir='ltr'>in</span> <span class='ocrx_word' id='word_1_149' title='bbox 798 3518 917 3595; x_wconf 89' lang='lat' dir='ltr'>forum</span> <span class='ocrx_word' id='word_1_150' title='bbox 944 3520 1081 3610; x_wconf 88' lang='lat' dir='ltr'>delatis,</span> <span class='ocrx_word' id='word_1_151' title='bbox 1119 3527 1154 3598; x_wconf 76' lang='grc' dir='ltr'>δι</span> <span class='ocrx_word' id='word_1_152' title='bbox 1186 3523 1233 3600; x_wconf 81' lang='lat' dir='ltr'>ad</span> <span class='ocrx_word' id='word_1_153' title='bbox 1260 3523 1393 3624; x_wconf 88' lang='lat' dir='ltr'>viginti</span> 
     </span>
    </p>
   </div>
   <div class='ocr_carea' id='block_1_3' title="bbox 269 3635 1392 3742">
    <p class='ocr_par' dir='ltr' id='par_1_3' title="bbox 269 3635 1392 3742">
     <span class='ocr_line' id='line_1_25' title="bbox 269 3635 1392 3742; baseline 0.009 -32"><span class='ocrx_word' id='word_1_154' title='bbox 269 3727 272 3734; x_wconf 24' lang='grc' dir='ltr'>Ι</span> <span class='ocrx_word' id='word_1_155' title='bbox 412 3635 593 3726; x_wconf 89' lang='lat' dir='ltr'>marronis,</span> <span class='ocrx_word' id='word_1_156' title='bbox 617 3639 712 3736; x_wconf 87' lang='lat' dir='ltr'>apud</span> <span class='ocrx_word' id='word_1_157' title='bbox 734 3663 821 3737; x_wconf 91' lang='lat' dir='ltr'>quas</span> <span class='ocrx_word' id='word_1_158' title='bbox 838 3639 1052 3738; x_wconf 86' lang='lat' dir='ltr'>deprehensa</span> <span class='ocrx_word' id='word_1_159' title='bbox 1067 3663 1177 3731; x_wconf 89' lang='lat' dir='ltr'>erant,</span> <span class='ocrx_word' id='word_1_160' title='bbox 1201 3669 1264 3742; x_wconf 90' lang='lat' dir='ltr'>per</span> <span class='ocrx_word' id='word_1_161' title='bbox 1278 3643 1392 3720; x_wconf 88' lang='lat' dir='ltr'>viato-</span> 
     </span>
    </p>
   </div>
   <div class='ocr_carea' id='block_1_4' title="bbox 410 3755 1391 4224">
    <p class='ocr_par' dir='ltr' id='par_1_4' title="bbox 410 3755 1391 4224">
     <span class='ocr_line' id='line_1_26' title="bbox 410 3755 1391 3868; baseline 0.005 -36"><span class='ocrx_word' id='word_1_162' title='bbox 410 3755 641 3868; x_wconf 22' lang='lat' dir='ltr'>remtadcitin</span> <span class='ocrx_word' id='word_1_163' title='bbox 667 3758 758 3832; x_wconf 90' lang='lat' dir='ltr'>duae</span> <span class='ocrx_word' id='word_1_164' title='bbox 782 3785 827 3832; x_wconf 84' lang='lat' dir='ltr'>ex</span> <span class='ocrx_word' id='word_1_165' title='bbox 843 3758 907 3853; x_wconf 88' lang='lat' dir='ltr'>eis,</span> <span class='ocrx_word' id='word_1_166' title='bbox 931 3761 1098 3836; x_wconf 88' lang='lat' dir='ltr'>Cornelia</span> <span class='ocrx_word' id='word_1_167' title='bbox 1111 3787 1153 3837; x_wconf 88' lang='lat' dir='ltr'>ac</span> <span class='ocrx_word' id='word_1_168' title='bbox 1169 3762 1302 3864; x_wconf 85' lang='lat' dir='ltr'>Sergia,</span> <span class='ocrx_word' id='word_1_169' title='bbox 1329 3789 1391 3863; x_wconf 84' lang='lat' dir='ltr'>pa·</span> 
     </span>
     <span class='ocr_line' id='line_1_27' title="bbox 411 3876 1391 3978; baseline 0.003 -22"><span class='ocrx_word' id='word_1_170' title='bbox 411 3877 531 3956; x_wconf 85' lang='lat' dir='ltr'>triciae</span> <span class='ocrx_word' id='word_1_171' title='bbox 547 3897 696 3975; x_wconf 90' lang='lat' dir='ltr'>utraque</span> <span class='ocrx_word' id='word_1_172' title='bbox 713 3876 840 3976; x_wconf 86' lang='lat' dir='ltr'>gentis,</span> <span class='ocrx_word' id='word_1_173' title='bbox 867 3905 983 3978; x_wconf 93' lang='lat' dir='ltr'>quum</span> <span class='ocrx_word' id='word_1_174' title='bbox 999 3907 1042 3955; x_wconf 90' lang='lat' dir='ltr'>ea</span> <span class='ocrx_word' id='word_1_175' title='bbox 1065 3881 1327 3959; x_wconf 84' lang='lat' dir='ltr'>medicamenta</span> <span class='ocrx_word' id='word_1_176' title='bbox 1342 3883 1391 3959; x_wconf 89' lang='lat' dir='ltr'>sa·</span> 
     </span>
     <span class='ocr_line' id='line_1_28' title="bbox 411 3996 1391 4088; baseline 0.009 -18"><span class='ocrx_word' id='word_1_177' title='bbox 411 3996 527 4072; x_wconf 86' lang='lat' dir='ltr'>lubria</span> <span class='ocrx_word' id='word_1_178' title='bbox 555 3997 621 4075; x_wconf 83' lang='lat' dir='ltr'>else</span> <span class='ocrx_word' id='word_1_179' title='bbox 651 3999 916 4088; x_wconf 91' lang='lat' dir='ltr'>contenderent,</span> <span class='ocrx_word' id='word_1_180' title='bbox 953 4004 999 4076; x_wconf 87' lang='lat' dir='ltr'>ab</span> <span class='ocrx_word' id='word_1_181' title='bbox 1032 4001 1238 4079; x_wconf 83' lang='lat' dir='ltr'>confutante</span> <span class='ocrx_word' id='word_1_182' title='bbox 1270 4002 1391 4078; x_wconf 88' lang='lat' dir='ltr'>indice</span> 
     </span>
     <span class='ocr_line' id='line_1_29' title="bbox 412 4114 1389 4224; baseline 0.009 -34"><span class='ocrx_word' id='word_1_183' title='bbox 412 4115 532 4196; x_wconf 90' lang='lat' dir='ltr'>bibere</span> <span class='ocrx_word' id='word_1_184' title='bbox 542 4116 666 4213; x_wconf 88' lang='lat' dir='ltr'>jussae,</span> <span class='ocrx_word' id='word_1_185' title='bbox 691 4137 732 4190; x_wconf 95' lang='lat' dir='ltr'>ut</span> <span class='ocrx_word' id='word_1_186' title='bbox 748 4114 782 4191; x_wconf 89' lang='lat' dir='ltr'>fe</span> <span class='ocrx_word' id='word_1_187' title='bbox 795 4115 919 4194; x_wconf 87' lang='lat' dir='ltr'>falsum</span> <span class='ocrx_word' id='word_1_188' title='bbox 929 4142 1169 4198; x_wconf 88' lang='lat' dir='ltr'>commentam</span> <span class='ocrx_word' id='word_1_189' title='bbox 1182 4145 1370 4224; x_wconf 85' lang='lat' dir='ltr'>arguerent</span> <span class='ocrx_word' id='word_1_190' title='bbox 1376 4155 1389 4211; x_wconf 78' lang='lat'>3</span> 
     </span>
    </p>
   </div>
   <div class='ocr_carea' id='block_1_5' title="bbox 0 0 1567 5342">
    <p class='ocr_par' dir='ltr' id='par_1_5' title="bbox 0 0 1567 5342">
     <span class='ocr_line' id='line_1_30' title="bbox 0 0 1567 5342; baseline 0 0"><span class='ocrx_word' id='word_1_191' title='bbox 0 0 1567 5342; x_wconf 95' lang='lat' dir='ltr'> </span> 
     </span>
    </p>
   </div>
  </div>
 </body>
</html>
