3067 5342
465 648 789 720 LranaV.
1098 675 1121 745 9

150 831 175 866 “
195 823 330 894 Utrum
342 819 438 894 enim
452 819 654 908 defenditis,
678 847 722 894 an
743 819 945 919 inpugnatis
962 821 1126 916 plebem?

149 951 174 985 “
191 926 314 1014 utrum
331 939 559 1014 militantium
584 939 763 1014 adversarii
787 939 878 1027 estis,
910 967 954 1014 an
978 941 1128 1014 cauffam

149 1071 174 1104 “
193 1058 318 1158 agitis?
368 1058 445 1138 Nifi
455 1059 542 1133 forte
556 1063 624 1133 hoc
642 1058 772 1146 dicitis,
802 1058 996 1157 Quidquid
1012 1063 1128 1133 Patres
1172 1133 1176 1139 .

150 1190 176 1222 “
194 1179 341 1267 faciunt,
378 1177 563 1276 displicet;
597 1183 663 1252 five
691 1179 781 1253 illud
810 1205 873 1278 pro
905 1181 1020 1277 plebe,
1060 1183 1127 1252 five

150 1309 176 1343 “
193 1317 313 1372 contra
338 1299 478 1396 plebem
500 1297 560 1372 est.
611 1301 671 1386 Et,
699 1300 1003 1396 quemadmodum
1026 1297 1128 1371 servis

149 1417 262 1491 “suis
285 1438 403 1491 vetant
429 1416 567 1491 domini
594 1417 792 1516 quidquam
815 1417 864 1491 rei
894 1444 981 1491 cum
1006 1416 1127 1490 alienis

148 1537 397 1612 “hominibus
419 1539 499 1624 effe,
531 1536 726 1635 pariterque
753 1537 790 1609 in
822 1535 864 1609 iis
889 1537 1064 1610 beneficio
1085 1564 1127 1611 ac

148 1670 175 1701 “
193 1657 368 1731 maleficio
384 1655 544 1731 abstineri
561 1663 716 1754 aequ'um
739 1654 900 1730 censent:
933 1659 977 1730 fic
994 1682 1055 1729 vos
1072 1656 1126 1729 in-

147 1788 174 1820 “
194 1775 363 1850 terdicitis
390 1775 551 1850 Patribus
579 1774 794 1849 commercio
817 1774 959 1873 plebis;
995 1803 1040 1849 ne
1064 1802 1127 1848 nos

148 1882 358 1971 “comitate
388 1921 427 1968 ac
460 1893 702 1968 munificentia
742 1895 856 1968 nostra
896 1920 1127 1991 provocemus

148 2027 175 2060 ‘⁸
193 2017 347 2114 plebem,
378 2039 442 2088 nee
472 2015 569 2112 plebs
594 2012 696 2088 nobis
725 2013 824 2087 dieto
853 2013 1000 2087 audiens
1020 2036 1127 2112 atque

148 2146 174 2178 ‘¹
193 2134 362 2209 obediens
379 2136 428 2206 lit.
478 2137 623 2232 Qranto
640 2135 796 2220 tandem,
822 2137 845 2204 fi
871 2132 1071 2231 quidquam
1088 2132 1126 2207 in

148 2265 175 2296 “
194 2253 307 2340 vobis,
339 2277 411 2326 non
434 2248 517 2325 dico
544 2235 670 2338 civilis,
700 2249 759 2325 sed
785 2251 930 2324 humani
948 2254 1041 2340 effet,
1075 2251 1124 2326 fa-

149 2384 175 2416 “
194 2399 273 2446 vere
303 2397 365 2444 vos
390 2369 514 2467 magis,
554 2374 602 2458 lle,
635 2393 809 2468 quantum
838 2370 875 2443 in
901 2371 1002 2446 vobis
1032 2373 1126 2459 edet,

148 2492 378 2590 “indulgere
407 2488 525 2587 potius
548 2490 703 2564 comitati
734 2495 878 2566 Patrum
902 2511 1007 2589 atque
1029 2489 1127 2565 obse-

148 2623 174 2656 “
193 2610 282 2709 quio
298 2608 411 2708 plebis
427 2608 610 2707 oportuit?
645 2635 734 2707 quae
752 2613 774 2682 fi
793 2629 959 2707 perpetua
983 2637 1126 2684 concor·

149 2743 174 2777 “
193 2731 253 2805 dia
264 2734 316 2818 srt,
341 2729 423 2828 quis
440 2754 512 2802 non
529 2727 697 2826 spondere
711 2731 809 2814 ausu,
845 2727 1042 2804 maximum
1059 2733 1127 2804 hoe

148 2862 173 2895 “
194 2849 384 2947 imperium
400 2848 491 2922 inter
506 2847 679 2922 finitimos
695 2847 791 2922 brevi
805 2847 966 2922 futurum
984 2851 1095 2923 effe?''

198 2972 261 3042 IV.
287 2979 312 3012 “
332 2975 454 3067 Atque
474 2994 554 3068 eg0,
586 2993 692 3066 quarn
717 2969 788 3041 hoc
814 2966 997 3051 confilium
1022 2969 1127 3042 colle·

150 3099 176 3132 “
193 3113 317 3186 garum
342 3114 516 3176 meorum,
541 3113 614 3185 quo
630 3089 804 3161 abducere
819 3087 946 3162 insede
962 3111 996 3158 re
1022 3112 1042 3158 a
1059 3089 1128 3159 Ve-

150 3207 235 3302 “jis
257 3207 450 3280 exercitum
472 3210 674 3293 noluerunt,
706 3233 779 3280 non
807 3205 895 3280 utile
918 3204 1043 3292 solum,
1069 3203 1129 3279 sed

150 3337 175 3369 “
194 3326 300 3400 etiam
318 3326 541 3400 necelsarium
558 3325 676 3414 fuerit,
700 3327 818 3424 postea
830 3326 1004 3400 differam:
1032 3351 1128 3400 nunc

151 3447 241 3519 “de
275 3443 345 3544 ipsa
382 3445 586 3538 conditione
624 3444 739 3518 dicere
766 3444 995 3518 militantium
1031 3444 1128 3519 libet.

151 3576 177 3610 “
195 3571 315 3666 Qrarn
344 3565 550 3650 orationem,
594 3589 665 3636 non
694 3565 791 3661 apud
818 3589 881 3636 vos
913 3561 1039 3651 solum,
1069 3561 1129 3636 sed

150 3697 177 3730 “
195 3685 300 3758 etiam
327 3683 364 3756 in
382 3681 508 3770 castris,
534 3685 557 3756 s1
583 3684 763 3770 habeatur,
794 3681 868 3779 ipso
888 3681 1043 3755 exercitu
1060 3680 1129 3754 dis-

150 3817 178 3848 “
197 3825 368 3902 ceptante,
395 3827 544 3900 aequam
560 3801 705 3876 arbitror
720 3800 832 3875 videri
849 3803 954 3900 polle.
1003 3802 1045 3877 In
1059 3828 1130 3899 qua

149 3927 221 3996 “li
244 3923 333 3996 mihi
362 3922 423 4020 ipsr
453 3920 555 4008 nihil,
581 3921 681 4019 quod
711 3919 879 4007 dicerem,
904 3919 942 3994 in
971 3941 1128 3998 mentem

147 4052 179 4088 ‘⁶
200 4042 313 4118 venire
342 4043 463 4142 pollet,
489 4039 761 4116 adversariorum
795 4063 886 4117 certe
913 4039 1128 4116 orationibus
