3067 5342
414 675 485 752 342
754 653 1071 726 T.Lrv11

416 827 540 902 oculos
550 827 683 927 jugum
701 826 839 916 hostile,
868 826 1072 904 &ludibria
1083 825 1243 914 nidoris,
1274 825 1388 900 &vul-

417 967 475 1020 ms
507 946 686 1046 superbos,
731 951 766 1024 dt
808 974 871 1046 per
907 967 1056 1023 armatos
1092 946 1288 1024 inermium
1323 944 1390 1018 iter.

418 1068 507 1142 Inde
533 1065 631 1142 foedi
648 1067 801 1168 agminis
817 1067 1052 1143 miserabilem
1077 1067 1192 1156 viam,
1215 1092 1277 1166 per
1291 1062 1390 1139 socio

418 1213 499 1262 rum
515 1191 620 1263 urbes
646 1187 804 1262 reditum
833 1187 871 1262 in
898 1188 1045 1288 patriam
1067 1213 1108 1264 ac
1125 1209 1299 1287 parentes,
1326 1209 1392 1282 quo

418 1308 517 1408 saepe
541 1308 601 1408 ipss
630 1307 847 1407 majoresque
867 1335 993 1384 eorum
1016 1308 1276 1408 triumphantes
1290 1301 1391 1380 venis·

416 1427 502 1504 sent.
551 1431 595 1504 Se
609 1427 698 1503 solos
720 1432 790 1503 fine
807 1430 965 1519 vulnere,
990 1433 1059 1504 ssne
1086 1427 1194 1517 ferro,
1228 1431 1297 1501 fine
1321 1422 1388 1498 acie

417 1549 546 1624 vidosr
577 1548 640 1624 fibi
667 1574 741 1623 non
771 1547 938 1649 stringere
971 1548 1106 1624 licuisse
1141 1546 1292 1649 gladios,
1327 1567 1390 1617 non

418 1695 566 1744 manum
582 1693 667 1744 cum
685 1669 784 1746 hoste
801 1667 977 1744 conferre:
1007 1668 1070 1744 fibi
1087 1667 1333 1768 nequidquam
1345 1687 1391 1735 ar·

419 1815 490 1876 ma,
518 1787 766 1888 nequidquam
786 1789 888 1878 vires,
915 1788 1165 1890 nequidquam
1192 1787 1325 1862 animos
1339 1784 1391 1856 da·

420 1929 484 1984 tos.
541 1909 645 1984 Haec
675 1907 909 1985 frementibus
930 1913 1017 1984 hora
1042 1909 1157 1985 fatalis
1189 1902 1391 2010 ignominiae

420 2029 578 2118 advenit,
601 2029 724 2104 omnia
743 2028 890 2104 tristiora
898 2030 1123 2129 experiundo
1139 2029 1285 2115 fadum,
1295 2045 1391 2123 quam

421 2175 514 2249 quae
542 2170 789 2248 praeceperant
819 2148 959 2226 animis.
1014 2153 1097 2246 Jam
1131 2149 1289 2251 primum
1317 2166 1391 2218 cum

420 2269 564 2366 singulis
596 2267 814 2343 vestimentis
847 2269 997 2346 inermes
1024 2291 1125 2346 extra
1151 2272 1284 2346 vallum
1308 2261 1391 2338 exire

415 2389 510 2486 juni,
539 2385 696 2487 &primi
715 2387 835 2462 traditi
851 2392 1001 2479 obfides,
1025 2411 1134 2489 atque
1153 2391 1193 2465 in
1208 2383 1389 2465 custodiam

421 2505 580 2581 abdudi.
630 2509 730 2582 Tum
757 2509 1002 2586 aconsulibus
1030 2511 1127 2588 abire
1154 2512 1290 2589 littores
1308 2503 1389 2602 juffi,

421 2628 744 2727 paludamentaque
778 2630 954 2719 detruda3
994 2651 1128 2706 tantam
1170 2632 1261 2706 inter
1299 2621 1388 2723 ipsos,

422 2747 501 2846 qui,
532 2751 652 2848 paullo
685 2768 765 2822 ante
794 2775 854 2823 eos
880 2749 1109 2839 exsecrantes,
1141 2748 1323 2828 dedendos
1348 2741 1388 2813 la·

422 2866 662 2965 cerandosque
688 2867 903 2958 censuerant,
930 2869 1191 2950 miserationem
1218 2871 1312 2954 fecit,
1340 2882 1386 2946 ut,

423 2984 503 3060 suae
521 2985 671 3085 quisque
688 2989 905 3065 conditionis
918 2991 1065 3080 oblitus,
1095 2997 1141 3068 ab
1155 2994 1217 3070 illa
1231 2987 1388 3066 deforma-

422 3105 520 3182 tione
537 3125 651 3181 tantae
678 3109 876 3206 majestatis,
906 3114 1005 3188 velut
1033 3115 1080 3188 ab
1096 3114 1253 3190 nefando
1273 3105 1386 3208 spella·

424 3229 521 3316 culo,
550 3247 718 3313 averteret
732 3231 867 3305 oculos.

473 3349 536 3423 VI.
570 3347 682 3424 Primi
699 3348 857 3425 consules
871 3377 981 3452 prope
995 3351 1172 3431 seminudi
1201 3349 1388 3447 subjugum

423 3465 529 3542 milli:
558 3487 650 3557 tum,
681 3468 895 3569 utquisque
921 3474 1033 3572 gradu
1049 3475 1235 3572 proximus
1247 3485 1325 3554 erat,
1349 3460 1390 3534 ita

424 3585 645 3685 ignominiae
661 3590 841 3686 objectus:
868 3611 947 3667 tum
967 3592 1135 3694 deinceps
1150 3595 1300 3698 lingulae
1314 3577 1388 3680 legl-

423 3733 521 3782 ones.
570 3707 856 3786 Circumstabant
867 3712 991 3788 armati
1003 3713 1132 3803 hostes,
1155 3715 1387 3816 exprobrantes

423 3827 699 3927 eludentesque:
734 3830 845 3930 gladii
874 3831 982 3908 etiam
1014 3833 1190 3933 plerisque
1223 3817 1385 3911 intentati:

421 3951 461 4022 ·&
488 3947 659 4024 vulnerati
683 3950 832 4048 quidam
859 3953 1059 4052 necatique,
1093 3961 1116 4030 fi
1137 3959 1258 4032 vultus
1276 3963 1385 4025 eorum

424 4063 638 4168 indignitate
670 4097 788 4147 rerum
825 4072 937 4150 acrior
966 4074 1139 4154 vidorem
1179 4063 1384 4157 obsendilset·
