3067 5342
450 701 683 774 1L1nnn
733 703 800 776 lx.
1077 687 1149 802 '419

170 869 342 946 Postumii
363 867 573 970 perrectum.
617 870 678 946 -Ibi
704 873 780 945 duo
802 868 949 944 vieiores
974 871 1147 946 exercitus

167 989 367 1085 perculsum
389 991 465 1085 jam
491 978 586 1064 fama
614 991 749 1064 hostem
775 989 887 1064 adorti
910 989 1068 1064 fundunt
1089 989 1145 1064 fu-

169 1129 342 1206 gantque:
377 1113 472 1207 figna
500 1108 664 1187 militaria
679 1109 738 1182 sex
764 1113 798 1182 &
818 1108 946 1206 viginti
969 1131 1081 1206 capta,
1112 1114 1146 1184 &

169 1225 358 1326 imperator
386 1226 599 1302 Samnitium
615 1240 617 1243 ’
631 1226 760 1305 Statius
787 1226 937 1318 Geliius,
970 1227 1146 1326 multique

169 1344 229 1418 alii
257 1333 432 1434 murtales,
465 1345 625 1420 &castra
637 1366 787 1443 utraque
811 1366 932 1443 capta:
969 1351 1002 1418 8(
1022 1344 1144 1420 Bovia-

169 1450 274 1550 num',
295 1464 372 1540 ubi
388 1463 525 1561 postero
542 1463 601 1537 die
620 1486 787 1562 coeptum
805 1463 1016 1562 obpugnari,
1049 1463 1144 1538 brevi

142 1581 315 1680 eapitur.
365 1585 576 1680 Magnaque
598 1582 708 1681 gloria
729 1605 847 1656 rerum
870 1581 1042 1682 gestarum
1061 1608 1144 1656 con-

166 1699 254 1774 sules
275 1701 550 1797 triumpharunt.
600 1699 811 1774 Minucium
835 1699 1027 1788 consulem,
1060 1713 1144 1774 cum

166 1820 307 1894 vulnere
335 1819 431 1918 gravi
455 1823 601 1894 relatum
630 1821 667 1893 in
690 1820 808 1906 castra,
839 1841 1033 1908 mortuum,
1066 1808 1145 1918 qui·¹

166 1940 248 2012 dam
278 1941 437 2013 austures
467 1936 559 2026 sunt,
603 1943 638 2012 &
672 1941 730 2012 Μ.
763 1937 933 2012 Fulvium
960 1937 998 2010 in
1025 1939 1146 2012 locum

166 2050 239 2152 ejus
264 2055 462 2130 consulem·
478 2054 699 2131 subfeuum:
736 2062 770 2129 δι
796 2059 841 2130 ab
871 2063 927 2144 eo,
956 2083 1069 2154 quum
1098 2059 1143 2132 ad

166 2174 359 2249 exercitum
377 2174 538 2249 Minucii
560 2176 681 2248 missus
709 2179 803 2263 esset,
838 2176 1037 2254 Bovianum
1064 2201 1143 2272 cap-

166 2316 257 2370 tum.
309 2295 449 2368 Eodem
471 2320 565 2367 anno
587 2295 682 2380 Sora,
712 2293 905 2391 Arpinum,
936 2292 1142 2383 Censennia,

165 2432 305 2510 recepta
319 2416 365 2487 ab
382 2412 609 2488 Samnitibus.
658 2411 828 2486 Herculis
845 2437 1016 2510 magnum
1039 2418 1142 2488 fimu-
1160 2509 1163 2514 Ι

163 2534 297 2606 lacrum
314 2531 352 2605 in
370 2532 546 2631 Capitolio
562 2535 713 2627 positum
728 2531 1015 2630 dedicatumque.
1119 2571 1124 2579 ·

213 2654 332 2726 XLV.
373 2655 413 2726 P.
440 2649 600 2746 Sulpicio
624 2648 839 2736 Saverrione,
868 2652 910 2722 P.
936 2650 1142 2747 Sempronio

163 2772 282 2867 Sopho
300 2767 516 2856 consulibus,
546 2765 730 2854 Samnites,
761 2766 819 2840 seu
845 2769 967 2855 finem,
999 2767 1057 2842 seu
1087 2769 1141 2841 di·

165 2888 330 2962 lationem
358 2886 442 2968 beni
473 2909 690 2985 quaerentes,
730 2887 861 2984 legatos
890 2888 935 2960 de
957 2912 1043 2984 pace
1066 2890 1142 2962 Ro·

165 3033 261 3082 mam
287 3005 422 3082 misere.
462 3005 616 3106 ‘Quibus
644 3003 849 3103 suppliciter
880 3006 1065 3102 agentibus
1091 3015 1141 3080 t'e-

164 3125 328 3224 sponsum
344 3125 407 3214 est,
441 3136 465 3170 ‘⁴
484 3125 546 3198 nist
569 3123 667 3221 saepe
692 3124 827 3198 bellum
845 3145 1002 3220 parantes
1017 3150 1141 3220 pacem

165 3256 190 3288 ‘⁸
207 3246 368 3342 petissent
385 3243 570 3332 Samnites,
598 3243 754 3317 oratione
780 3245 871 3316 ultro
897 3241 1058 3338 citroque
1080 3245 1140 3315 ha-

165 3376 189 3408 “
208 3365 293 3452 bita,
327 3366 371 3438 de
402 3390 486 3460 pace
510 3362 647 3460 tranfigi
667 3361 828 3459 potuisse.
878 3366 1002 3448 Nunc,
1030 3386 1141 3459 quan·

141 3495 190 3560 .“
207 3485 256 3557 do
284 3486 390 3557 verba
418 3509 506 3556 vana
535 3482 581 3554 ad
611 3479 650 3554 id
672 3481 833 3554 locorum
861 3480 1003 3567 suerint,
1037 3483 1141 3554 rebus

166 3613 191 3646 “
209 3603 374 3676 standum
390 3603 467 3675 effe.
518 3603 558 3673 P.
574 3598 824 3699 Sempronium
851 3596 1030 3672 consulem
1058 3624 1144 3672 curn

166 3719 365 3794 “exercitu
394 3718 489 3792 brevi
517 3717 555 3790 in
580 3717 723 3791 Samnio
750 3716 844 3790 fore:
873 3700 968 3803 euin,
1003 3719 1049 3788 ad
1070 3719 1142 3791 bel-

165 3850 195 3890 “v
208 3842 285 3912 lum
309 3863 479 3936 pacemne
496 3835 670 3910 inclinent
695 3833 819 3920 animi,
846 3833 918 3906 salli
940 3861 1013 3908 non
1030 3837 1142 3930 posse:

165 3967 391 4054 “comperta
417 3954 538 4028 omnia
565 3954 697 4029 senatui
727 3956 935 4027 relaturum:
969 3954 1144 4028 deceden-

167 4088 192 4124 “
211 4097 284 4152 tem
309 4104 354 4151 ex
378 4074 526 4177 Samnio'
550 4071 729 4151 consulem
760 4071 865 4171 legati
889 4071 1148 4169 sequerentur.''
