3067 5342
501 647 827 720 manv,
1115 671 1158 744 77

182 831 208 863 “
227 825 260 894 ὅτ
279 819 365 894 huic
383 819 464 894 urbi
485 821 594 894 decus
611 816 736 918 ingens
759 819 844 894 belli
871 847 917 894 ex
938 820 1035 894 hoste
1062 847 1159 895 com-

181 939 329 1014 “muni
350 938 520 1037 pariendi.
569 945 673 1040 Qae
695 938 804 1013 effuso
819 940 961 1039 agmine
982 943 1161 1029 adventat,

182 1071 312 1159 “gens
333 1060 396 1148 est,
422 1058 482 1133 cui
507 1081 631 1134 natura
650 1087 796 1158 corpora
810 1059 1017 1159 animosque
1034 1089 1163 1160 magna

184 1190 210 1223 “
228 1179 355 1278 magis,
381 1206 490 1278 quam
508 1181 622 1268 firma,
654 1179 802 1254 dederit.
853 1183 909 1254 Eo
925 1179 963 1253 in
985 1202 1162 1254 certamen

184 1309 209 1342 “
227 1325 334 1372 omne
351 1302 430 1398 plus
443 1283 593 1388 terroris,
620 1326 728 1398 quam
744 1299 890 1389 virium,
915 1299 1043 1374 ferunt.
1093 1306 1162 1375 Ar-

185 1431 210 1462 “
228 1439 400 1518 gumento
420 1421 459 1492 sit
476 1420 591 1493 clades
609 1422 786 1494 Romana.
835 1423 1021 1494 Patentem
1040 1447 1162 1519 cepere

186 1551 211 1584 “
228 1541 355 1613 urbem
364 1571 376 1624 3
403 1565 448 1612 ex
462 1565 540 1613 arce
560 1539 810 1638 Capitolioque
827 1539 882 1613 his
898 1540 1029 1638 exigua
1044 1539 1163 1613 refisti-

186 1670 211 1702 “
229 1679 287 1732 tur
304 1685 424 1732 manu.
474 1660 556 1752 Jam
585 1658 776 1734 obfidionis
799 1661 918 1734 taedio
939 1658 1024 1734 vieii
1047 1657 1163 1733 absce-

188 1790 212 1822 “
230 1781 336 1866 dunt,
360 1777 514 1877 vagique
538 1805 600 1876 per
629 1805 728 1877 agros
751 1783 924 1877 palantur,
951 1779 1034 1854 cibo
1062 1778 1163 1852 vino-

189 1909 302 1997 “que
329 1898 457 1996 raptim
477 1899 601 1973 hausto
631 1899 765 1997 repleti.
816 1899 895 1974 Ubi
921 1925 995 1972 nox
1013 1898 1163 1996 adpetit,

189 2030 342 2116 “prope
372 2017 464 2092 rivos
494 2045 681 2116 aquarum,
715 2022 785 2092 fine
817 2017 1055 2105 munimento,
1094 2022 1164 2093 sine

188 2149 212 2182 “
230 2136 437 2213 stationibus
454 2165 494 2212 ac
505 2137 688 2226 custodiis,
704 2141 824 2236 paffim
836 2138 987 2212 serarum
996 2138 1065 2212 ritu
1083 2139 1165 2213 ster-

187 2270 211 2302 “
230 2279 377 2346 nuntur,
410 2284 507 2332 nunc
534 2260 580 2333 ab
604 2256 766 2332 secundis
793 2261 898 2332 rebus
927 2258 1040 2357 magis
1057 2259 1164 2333 etiam
1230 2283 1234 2290 ’

188 2387 211 2421 “
229 2375 332 2451 solito
349 2377 494 2451 incauti.
543 2377 580 2452 Si
590 2376 691 2452 vobis
706 2377 742 2450 in
759 2377 879 2451 animo
894 2379 943 2452 est
959 2379 1050 2453 tueri
1066 2406 1164 2453 moe-

187 2497 291 2570 “nia
311 2497 434 2586 vestra,
462 2524 528 2572 nec
551 2497 623 2596 pati
642 2499 728 2570 haec
755 2497 877 2571 omnia
899 2498 1053 2572 Galliam
1074 2499 1164 2587 fieri,

188 2627 212 2659 “
230 2617 345 2715 prima
373 2616 495 2715 vigilia
518 2616 631 2713 capite
658 2643 754 2690 arma
783 2615 998 2714 frequentes:
1030 2644 1087 2691 me
1114 2617 1164 2692 se-

188 2749 213 2781 “
230 2737 386 2838 quimini
413 2739 459 2810 ad
486 2739 645 2824 caedem,
684 2761 757 2810 non
791 2738 837 2809 ad
869 2761 1038 2834 pugnam.
1088 2737 1165 2810 Nis1

188 2869 213 2902 ‘⁶
230 2859 368 2932 vinsios
410 2857 547 2944 somn0,
584 2858 683 2931 velut
719 2857 889 2954 pecudes,
935 2855 1164 2931 trucidandos

187 2988 212 3021 “
231 2977 419 3065 tradider0‚
454 3003 526 3050 non
554 2975 675 3051 recuso
692 2978 861 3051 eumdem
884 2978 1023 3050 Ardeae
1046 3001 1165 3050 rerum

188 3107 213 3141 “
231 3123 390 3170 mearum
408 3096 558 3184 exitum,
586 3122 695 3194 quem
713 3099 852 3170 Romae
869 3095 1013 3170 habui.”

243 3219 363 3290 XLV.
390 3215 528 3314 Aequis
541 3215 744 3314 iniquisque
764 3214 965 3314 persuasum
982 3235 1066 3302 erat,
1089 3236 1164 3288 tan·

188 3357 266 3409 tum
284 3337 378 3410 bello
394 3335 510 3418 virum
529 3335 709 3409 neminem
726 3334 876 3433 usquam
900 3361 942 3408 ea
964 3335 1166 3433 tempestate

187 3457 265 3530 effe.
316 3454 499 3529 Concione
517 3454 666 3542 dimissa,
697 3481 845 3552 corpora
860 3477 997 3543 curant,
1024 3456 1164 3542 intenti,

187 3601 298 3672 quam
325 3600 411 3647 mox
428 3577 566 3672 signum
592 3575 742 3647 daretur.
792 3580 879 3675 Qio
901 3577 999 3664 dato,
1031 3575 1165 3672 primae

188 3692 322 3766 silentio
357 3692 470 3766 nouis
498 3694 544 3766 ad
576 3715 691 3790 portas
725 3695 878 3768 Camillo
901 3694 1035 3794 praesto
1056 3694 1165 3768 fuere.

178 3813 335 3912 Egressi,
357 3815 453 3886 haud
470 3815 595 3911 procul
612 3816 714 3901 urbe,
740 3817 827 3888 sicut
842 3814 1063 3912 praedistum
1081 3835 1165 3902 erat,

188 3933 296 4006 castra
308 3933 509 4021 Gallorum,
533 3931 647 4006 intuta
663 3934 894 4032 neglestaque
910 3936 955 4009 ab
971 3933 1071 4007 omni
1088 3961 1165 4033 par·

188 4071 221 4125 te
239 4051 346 4140 meti,
371 4054 522 4126 clamore
539 4052 724 4129 invadunt.
774 4053 963 4151 Nusquam
976 4051 1165 4151 proelium,
