3067 5342
489 626 720 703 Lrann
772 621 854 702 VII.
1100 649 1169 726 215

187 821 267 874 tura
288 802 523 900 potentiorem
541 828 626 878 eum
648 802 855 878 consensum
872 804 1017 876 Patrum
1043 797 1167 874 consu-

185 921 319 996 laribus
335 923 489 998 comitiis
505 922 603 1011 fecit,
634 949 744 1022 quam
762 921 925 997 censoriis
938 921 1060 994 suerat.

236 1044 377 1117 XXIII.
404 1045 463 1116 M.
481 1043 656 1141 Popillius
672 1047 810 1116 Laenas
826 1069 846 1114 a
862 1044 965 1138 plebe
981 1038 1117 1129 consul,
1148 1066 1168 1113 a

185 1161 351 1236 Patribus
385 1164 431 1235 L.
462 1163 649 1238 Cornelius
681 1162 802 1260 Scipio
834 1165 947 1236 datus.
1012 1164 1169 1234 Fortuna

186 1306 335 1378 quoque
370 1281 605 1357 inlustriorem
643 1284 824 1380 plebejum
862 1279 1042 1356 consulem
1072 1279 1167 1355 fecit.

185 1404 284 1474 Nam
300 1426 417 1499 quum
430 1402 612 1501 ingentem
627 1404 814 1476 Gallorum
828 1401 1023 1476 exercitum
1035 1399 1072 1474 in
1085 1427 1169 1499 agro

184 1519 320 1594 Latino
336 1520 446 1595 castra
461 1520 608 1619 posuisse
631 1521 843 1597 nunciatum
866 1524 966 1608 effet3
1001 1521 1167 1617 Scipione

184 1639 283 1738 gravi
302 1644 430 1715 morbo
457 1640 632 1739 inplicit0‚
661 1641 843 1716 Gallicum
860 1642 995 1715 bellum
1014 1641 1168 1741 Popillio

185 1781 285 1834 extra
294 1759 458 1836 'ordinem
475 1762 611 1836 datum.
660 1765 708 1849 Is,
735 1761 872 1860 inpigre
889 1761 1045 1835 exercitu
1063 1760 1168 1861 scrip·

185 1901 238 1968 to,
273 1906 389 1977 quum
406 1907 529 1956 omnes
545 1903 643 1956 extra
657 1903 795 1980 portam
809 1883 989 1979 Capenam
1006 1885 1052 1956 ad
1069 1885 1168 1956 Mar·

186 1998 231 2073 tis
262 2001 389 2074 aedem
423 2000 612 2075 convenire
645 2023 794 2076 armatos
828 2000 987 2097 juniores
1010 2002 1166 2097 jusfiffet,

184 2122 353 2217 fignaque
388 2121 517 2194 eodem
548 2120 745 2218 quaestores
778 2147 823 2195 ex
856 2119 985 2195 aerario
1020 2119 1167 2208 deferre,

184 2259 341 2336 quatuor
357 2239 505 2336 expletis
524 2239 738 2338 legionibus,
772 2242 873 2338 quod
887 2238 1059 2337 superfuit
1073 2239 1168 2314 mili-

184 2380 280 2447 tum,
299 2363 340 2433 P.
362 2359 502 2434 Valerio
512 2358 716 2434 Publicolae
729 2360 877 2458 praetori
892 2359 1037 2434 tradidit
1044 2393 1055 2449 ς
1083 2387 1167 2436 auc-

184 2499 241 2552 tor
257 2476 420 2553 Patribus
435 2477 611 2553 scribendi
632 2478 770 2553 alterius
787 2479 976 2572 exercitus,
1003 2483 1103 2577 quod
1121 2483 1168 2554 ad

186 2599 341 2674 incertos
366 2595 450 2674 belli
474 2620 620 2672 eventus
633 2597 825 2674 subfidium
843 2597 1057 2695 reipublicae
1075 2603 1169 2674 esset.

185 2717 279 2817 Ipse,
297 2719 374 2814 jam
391 2715 470 2792 satis
489 2717 658 2793 omnibus
674 2717 851 2792 instruitis
875 2717 1168 2816 comparatisque,

187 2839 236 2912 ad
260 2837 397 2911 hostem
417 2837 550 2936 pergit:
581 2838 683 2933 cujus
709 2859 750 2911 ut
765 2838 864 2936 prius
894 2837 1049 2912 nosceret
1064 2836 1168 2924 vires,

189 2981 300 3054 quam
317 2955 476 3054 periculo
490 2957 620 3031 ultimo
636 2978 803 3044 tentaret3
835 2957 872 3030 in
887 2959 1041 3046 tumulo,
1060 2982 1169 3054 quem
1265 2953 1268 2958 ’

187 3076 395 3175 proximum
410 3075 525 3150 castris
539 3079 725 3150 Gallomm
739 3103 863 3174 capere
879 3075 1011 3174 potuit,
1037 3078 1169 3150 vallum

189 3199 321 3272 ducere
347 3194 478 3293 coepit.
528 3199 627 3270 Gens
652 3194 753 3270 ferox
780 3201 813 3270 δι
840 3194 974 3294 ingenii
1004 3196 1100 3270 avidi
1124 3197 1169 3270 ad

188 3342 362 3416 pugnarn,
389 3341 519 3413 quum,
552 3317 677 3412 procul
695 3314 772 3390 vifis
790 3318 1038 3389 Romanorum
1052 3315 1169 3413 signis,

187 3458 229 3510 ut
238 3438 420 3534 extemplo
435 3435 610 3533 proelium
627 3433 770 3518 initura,
798 3432 1020 3530 explicuisset
1035 3433 1148 3508 aciem
1156 3467 1168 3521 3

189 3555 378 3654 postquam
393 3581 510 3652 neque
527 3554 566 3626 in
581 3579 741 3650 aequum
757 3550 899 3626 demitti
923 3579 1051 3651 agmen
1064 3553 1169 3640 vidit,

187 3680 362 3773 &quum
385 3673 456 3748 loci
481 3671 682 3759 altitudine,
714 3693 793 3745 tum
818 3673 911 3744 vallo
935 3672 1044 3745 etiam
1059 3670 1171 3769 integi

187 3797 387 3882 Romanos,
412 3791 589 3891 perculsos
613 3815 741 3889 pavore
763 3811 848 3876 rata,
874 3792 974 3862 fimul
1002 3812 1171 3888 opportu-

186 3913 315 4003 niores,
350 3914 452 4012 quod
482 3911 610 3986 intenti
637 3931 717 3984 tum
742 3909 898 3984 maxime
926 3909 1022 4008 operi
1050 3911 1170 3998 essent,

189 4033 279 4109 truci
311 4034 467 4108 clamore
505 4027 722 4130 adgreditur.
791 4031 852 4104 Ab
895 4027 1070 4104 Romanis
1106 4055 1171 4104 nec
