3067 5342
486 727 836 800 LrasrrIX.
1086 749 1154 826 351

229 903 278 976 X.
307 898 430 978 Movit
452 904 571 976 Patres
596 899 810 1000 conscriptos
832 920 911 974 turn
934 899 1059 1006 cauisa,
1087 917 1167 974 turn

180 1023 329 1110 audor3
359 1045 426 1096 nec
457 1042 589 1096 ceteros
619 1020 747 1109 solum,
780 1019 840 1095 sed
869 1016 1029 1093 tribunos
1059 1017 1166 1096 etiam

179 1140 314 1241 plebei,
338 1161 381 1218 ur
410 1140 444 1214 se
466 1139 506 1216 in
536 1140 673 1216 senatus
698 1140 857 1216 dicerent
886 1139 960 1213 fore
986 1139 1165 1238 potestate.

180 1260 395 1360 Magistratu
416 1260 500 1336 inde
520 1259 554 1336 se
571 1263 752 1359 extemplo
765 1261 1033 1347 abdicaverunt,
1059 1261 1166 1336 tradi-

118 1429 129 1452 ,
180 1381 283 1480 tique
316 1379 502 1457 fecialibus
528 1397 621 1457 cunr·
644 1381 768 1458 ceteris
790 1379 974 1456 Caudium
995 1380 1164 1456 ducendi.

182 1504 270 1579 Hoc
284 1501 378 1578 fado
390 1500 700 1591 senatusconsulto,
725 1504 789 1576 lux
804 1501 980 1601 quaedam
996 1499 1166 1576 adfirlsrffe

180 1621 323 1722 civitati¹
333 1621 405 1697 visa
418 1622 479 1697 est.
529 1622 733 1697 Postumius
749 1621 859 1697 inore
872 1643 963 1708 erat;
989 1647 1074 1696 eum
1090 1625 1165 1697 lau-

181 1742 291 1818 dibus
317 1744 364 1818 ad
390 1745 533 1817 coelum
559 1742 740 1817 ferebant:
780 1742 963 1817 devotioni
992 1745 1033 1817 P.
1059 1742 1163 1818 Decii

150 1861 154 1868 ’
183 1863 351 1952 consulis,
377 1863 453 1937 aliis
470 1862 571 1938 claris
583 1861 801 1938 facinoribus
817 1866 1026 1961 aequabant.
1077 1874 1103 1909 “
1120 1868 1167 1940 E·

185 1995 211 2030 “
230 1985 377 2059 merfiffe
391 1981 571 2059 civitatem
583 2010 629 2058 ex
642 1983 800 2060 obnoxia
815 2009 900 2082 pace
917 1982 1012 2058 illius
1025 1985 1169 2061 consilio

184 2109 264 2180 “dt
287 2131 418 2202 opera:
445 2102 562 2202 ipsum
582 2102 615 2177 se
638 2101 854 2179 cruciatibus
877 2108 911 2177 dr
926 2102 1082 2179 hostiurn
1096 2105 1167 2182 irae

184 2236 212 2274 “
230 2223 381 2313 obferre,
407 2223 619 2323 piaculaque
637 2249 700 2322 pro
717 2224 853 2323 populo
868 2226 1038 2298 Romano
1050 2226 1167 2301 dare.''

186 2351 301 2423 Arma
319 2345 443 2419 cuntti
456 2344 611 2443 spectant
626 2349 661 2418 a
679 2345 825 2419 bellum.
877 2354 902 2388 “
922 2347 980 2418 En
992 2370 1168 2444 umquam

185 2476 212 2512 “
230 2464 408 2553 futurum,
434 2485 476 2539 ut
493 2463 663 2564 congredi
681 2464 821 2540 armaris
844 2491 928 2540 curn
945 2465 1102 2541 Samnite
1128 2467 1169 2541 li-

184 2597 211 2633 “
230 2587 352 2662 ceat?’'
401 2588 444 2660 In
457 2584 611 2674 civitate,
636 2585 688 2660 ira
699 2584 858 2684 odioque
871 2585 1027 2674 ardente,
1054 2588 1169 2662 delec-

185 2727 243 2782 tus
261 2733 372 2806 prope
388 2707 553 2782 omnium
570 2704 852 2781 voluntariorum
875 2704 956 2780 fuit.
1006 2701 1169 2807 Rescrip-

184 2849 240 2904 tae
253 2855 298 2902 ex
313 2829 442 2903 eodem
452 2827 569 2902 ‘milite
585 2853 695 2902 novae
708 2825 878 2926 legiones,
905 2826 1105 2926 dudusque
1122 2829 1168 2902 ad

185 2949 370 3025 Caudium
397 2947 584 3024 exercitus.
634 2950 820 3047 Praegreffi
847 2945 1000 3036 feciales,
1026 2947 1090 3023 ubi
1124 2951 1170 3023 ad

188 3091 326 3169 portam
348 3092 489 3157 venere,
513 3068 646 3144 vestem
669 3065 804 3142 detrahi
826 3067 924 3165 pacis
949 3066 1171 3168 sponsoribus

180 3191 326 3288 jubent,
351 3213 479 3263 manus
496 3189 575 3285 post
599 3210 740 3286 tergum
765 3187 905 3264 vinciri.
954 3192 1082 3289 Qrurn
1109 3191 1170 3264 ad·

187 3309 320 3408 paritor
329 3307 544 3384 verecundia
560 3307 743 3404 majestatis
757 3307 983 3382 Postumium
999 3311 1078 3384 laxe
1094 3309 1171 3384 vin-

104 3467 107 3472 *
188 3428 289 3517 ciret,
320 3439 346 3494 .“
365 3428 468 3530 Qrin
486 3431 564 3516 tu,’'
588 3427 721 3527 inquit,
747 3438 773 3472 “
799 3428 948 3504 adducis
975 3431 1105 3520 lorum,
1130 3453 1174 3506 ut

189 3549 322 3648 “justa
334 3551 395 3624 fiat
410 3547 594 3624 dediti0?”
642 3552 756 3638 Turn,
782 3547 847 3624 ubi
865 3547 903 3622 in
917 3569 1061 3626 coetum
1075 3554 1173 3626 Sam-

188 3669 320 3745 nitium
357 3675 393 3746 &
426 3670 473 3745 ad
507 3668 663 3744 tribunal
690 3690 840 3742 ventum
876 3669 996 3745 Pontii
1031 3671 1094 3759 est,
1126 3677 1174 3748 A.

192 3790 379 3867 Cornelius
393 3788 530 3864 Arvina
545 3787 678 3863 fecialis
695 3787 743 3863 ita
757 3791 865 3865 verba
880 3787 981 3865 fecit:
1009 3801 1034 3834 “
1050 3797 1174 3894 Qan-

193 3911 361 4007 “doque
389 3907 469 3982 hice
505 3907 669 3984 homines
698 3907 826 4006 injuss'u
856 3910 982 4010 populi
1015 3915 1173 3990 Romani

192 4039 219 4074 “
236 4028 439 4131 Qriritiurn
461 4027 588 4104 foedus
615 4029 728 4104 idum
754 4028 797 4104 iri
819 4028 1097 4129 spoponderunt,
1124 4057 1174 4114 at-

193 4159 220 4194 “
238 4175 310 4247 que
336 4153 386 4224 ob
412 4175 491 4224 eam
513 4176 589 4225 rem
613 4176 745 4226 noxam
773 4167 992 4244 nocuerunt5
1023 4157 1072 4231 ob
1095 4185 1173 4234 eam
