3067 5342
391 639 438 715 82
722 642 1036 717 T.L1u11

390 814 516 889 danim
532 812 593 889 est„
642 815 746 891 Luce
771 836 860 904 orta,
886 816 1018 893 vocatis
1033 818 1170 893 claffico
1187 818 1232 893 ad
1249 818 1370 895 conci-

390 932 482 1007 lium
491 932 668 1009 militibus
683 936 731 1009 ad
746 932 922 1025 tribunos,
948 940 1115 1035 quum&
1135 938 1274 1013 resle&
1291 964 1370 1037 per·

388 1080 510 1152 peram
524 1052 617 1129 sado
629 1054 784 1151 pretium
801 1058 1005 1144 deberetur,
1033 1054 1195 1132 Manlius
1212 1054 1372 1154 primum

388 1177 438 1251 ob
454 1173 623 1251 virtutem
641 1175 804 1251 laudatus
826 1173 1062 1275 donatusque,
1097 1202 1170 1251 non
1189 1178 1235 1251 ab
1257 1174 1373 1253 tribu-

390 1293 445 1369 nis
461 1294 575 1370 solum
597 1293 769 1383 militurn,
796 1294 856 1371 sed
877 1294 1046 1371 consensu
1071 1294 1179 1371 etiarn
1205 1294 1371 1371 militari:

390 1413 451 1491 cui
461 1414 610 1489 univero
627 1412 766 1491 selibras
784 1414 881 1491 farris
897 1420 932 1491 ἃ
949 1416 1143 1515 quartarios
1158 1413 1234 1490 vini
1251 1416 1298 1491 ad
1313 1443 1373 1491 ae-

389 1536 453 1613 des
479 1536 566 1631 ejus,
591 1533 738 1634 quaein
755 1561 834 1611 arce
848 1556 958 1623 erant,
984 1536 1222 1611 contulenrnt.
1272 1538 1373 1613 Rem

389 1654 491 1730 dislu
508 1681 666 1753 parvam,
691 1674 851 1730 cetenrm
877 1652 998 1753 inopia
1013 1652 1143 1731 fecerat
1165 1680 1245 1731 eam
1267 1682 1374 1755 argu-

393 1796 559 1851 mentum
575 1774 699 1878 ingens
721 1773 887 1863 caritatis,
921 1800 1051 1873 quum,
1076 1772 1110 1849 se
1127 1774 1279 1874 quisque
1296 1777 1373 1852 vic-

389 1914 429 1971 tu
453 1893 517 1969 suo
539 1894 718 1984 fraudans,
750 1896 948 1969 detraftum
965 1893 1104 1993 corpori
1124 1916 1231 1994 atque
1250 1898 1383 1989 ufibus

388 2013 582 2091 necessariis
597 2016 644 2090 ad
661 2017 833 2091 honorem
847 2012 954 2089 unius
966 2013 1033 2089 viri
1050 2014 1244 2091 conferret·
1268 2020 1370 2092 Tum

253 2209 255 2212 .
388 2132 513 2233 vigiles
528 2134 602 2229 ejus
622 2132 707 2222 loci,
733 2160 806 2231 qua
821 2132 990 2211 fefellerat
1005 2133 1221 2210 adscendens
1246 2134 1368 2223 hostis,

390 2252 504 2329 citati:
534 2258 570 2329 br
597 2278 714 2351 quum
730 2252 770 2327 in
795 2280 920 2330 omnes
942 2280 1040 2329 more
1065 2254 1209 2329 militari
1231 2255 1265 2329 se
1290 2254 1364 2329 ani-

389 2370 655 2448 madversumm
694 2378 751 2474 Q
785 2372 963 2471 Sulpicius
1011 2374 1176 2449 tribunus
1213 2373 1372 2451 militum

389 2492 669 2593 pronunciasset,
699 2491 938 2569 consentiente
955 2496 1108 2571 clamore
1126 2494 1299 2582 militum,
1332 2494 1372 2569 in

390 2637 507 2687 unurn
522 2610 669 2713 vigilem
687 2612 956 2709 conjicientium
978 2616 1137 2715 culpam,
1169 2614 1372 2703 deterritus,

389 2731 551 2809 aceteris
566 2730 752 2809 abstinuit:
784 2756 886 2811 reum
902 2734 1001 2809 haud
1016 2734 1172 2809 dubium
1191 2736 1264 2832 ejus
1281 2760 1372 2809 nox-

389 2880 445 2942 ae,
477 2850 758 2950 adprobantibus
774 2852 927 2943 cunstis,
955 2854 1001 2929 de
1018 2852 1101 2929 saxo
1123 2855 1262 2952 dejecit.
1313 2857 1374 2929 In·

389 2976 436 3049 de
453 2973 658 3049 intentiores
673 2972 857 3071 utrimque
883 2973 1063 3049 custodiae
1089 2977 1176 3064 elle3
1208 2981 1243 3050 sc
1273 2975 1375 3072 apud

390 3096 527 3183 Gallos,
557 3092 644 3193 quia
656 3095 843 3192 vulgatum
860 3114 945 3181 erat,
972 3092 1063 3169 inter
1076 3095 1182 3192 Vejos
1197 3098 1373 3169 Romam·

391 3240 463 3312 que
487 3214 639 3289 nuncios
660 3238 886 3301 commeare;
918 3216 952 3289 δι
979 3216 1077 3313 apud
1093 3218 1294 3303 Romanos,
1325 3217 1373 3290 ab

392 3333 557 3409 notrumi
575 3332 723 3431 periculi
739 3332 922 3409 memoria.

441 3454 615 3529 XLVIII.
640 3453 711 3527 Sed
736 3474 817 3529 ante
843 3452 967 3531 omnia
993 3453 1185 3530 obfidionis
1214 3452 1374 3555 bellique

391 3576 485 3650 mala
497 3571 607 3649 salnes
623 3571 805 3671 utrimque
822 3572 1020 3649 exercitum
1035 3578 1228 3675 urguebat:
1250 3578 1376 3651 Gallos

392 3692 590 3793 pestilentia
611 3692 733 3781 etiam,
759 3718 877 3791 quum
893 3695 975 3769 loco
985 3694 1126 3791 jacente
1142 3696 1233 3771 inter
1247 3718 1374 3771 turnu-

391 3818 445 3890 los
473 3814 583 3890 castra
604 3816 786 3902 habentes,
817 3835 895 3888 turn
924 3816 971 3889 ab
994 3813 1168 3890 incendiis
1184 3816 1319 3891 torrido
1336 3821 1374 3893 δι

391 3935 530 4033 vaporis
546 3936 666 4034 pleno,
689 3933 931 4033 cineremque,
956 3962 1030 4010 non
1046 3938 1229 4033 pulverem
1246 3938 1373 4025 modo,

393 4055 538 4144 ferente,
571 4080 689 4153 quum
714 4053 809 4154 quid
832 4054 930 4131 venti
956 4076 1098 4133 motum
1127 4058 1220 4134 effet.
1269 4063 1374 4160 Qto
