3067 5342
375 653 447 724 240
692 628 1014 704 T.L1vrr
1106 731 1108 738 Ι

375 810 402 845 “
419 819 455 874 ta
478 798 612 875 vadetis
624 832 636 887 ς
668 803 726 874 vel
755 801 889 877 filentio
919 800 1079 878 incautos
1103 799 1274 889 fallentes,
1299 803 1362 875 vel

376 918 650 995 “sentientibus
671 913 824 996 clamore
851 921 968 996 subito
990 949 1156 1020 pavorem
1183 916 1361 1016 injessuri.

376 1043 489 1116 “Me
518 1041 630 1114 modo
655 1039 860 1139 sequimini,
888 1068 997 1140 quem
1010 1040 1119 1118 secuti
1136 1039 1227 1116 estis.
1278 1043 1364 1138 Ego

376 1171 402 1206 “
420 1162 596 1249 eamdem,
614 1187 707 1259 quae
717 1161 914 1250 duxithuc,
932 1160 1247 1261 sequarsortunam.
1267 1157 1363 1262 Qri-

375 1292 402 1328 “
420 1285 488 1356 bus
504 1284 592 1356 haec
616 1280 774 1356 salutaria
787 1283 966 1370 videntur,
994 1281 1192 1381 agitedum,
1216 1275 1253 1354 iri
1271 1283 1363 1354 dex-

375 1412 402 1446 “
419 1423 508 1476 tram
525 1423 661 1498 partem
677 1402 829 1500 pedibus
846 1406 1016 1478 transrte.''

422 1524 599 1598 XXXVI.
624 1525 761 1598 Omnes
777 1527 993 1612 transerunt,
1016 1523 1277 1622 vadentemque
1294 1547 1362 1620 per

375 1639 566 1716 intermissa
577 1641 746 1716 custodiis
761 1644 840 1717 loca
855 1640 1012 1717 Decium
1028 1641 1136 1716 secuti
1154 1641 1245 1716 sunt.
1277 1644 1364 1737 Jam

375 1761 550 1838 evaserant
566 1761 686 1837 media
701 1763 821 1852 castra,
847 1787 966 1861 quum
985 1760 1256 1860 superscandens
1272 1761 1368 1861 vigi·

375 1884 453 1956 lum
469 1881 571 1956 strata
584 1880 708 1957 somno
724 1908 872 1979 corpora
887 1881 988 1957 miles
1004 1880 1135 1956 offenso
1152 1880 1250 1957 scuto
1263 1909 1364 1982 prae·

374 2001 454 2078 buit
476 2001 643 2076 sonitum.
699 2008 786 2104 Qro
804 2000 976 2078 excitatus
994 2001 1082 2102 vigil
1103 2029 1218 2102 quum
1238 2001 1363 2099 proxi·

374 2149 478 2198 mum
490 2121 663 2210 movisset,
694 2121 872 2220 credique
888 2122 973 2198 alios
989 2121 1220 2214 concitarent,
1246 2121 1363 2221 ignari

376 2242 471 2317 cives
490 2267 535 2315 an
555 2241 669 2316 hostes
690 2243 811 2330 essent,
840 2241 1049 2340 praesidium
1076 2262 1286 2340 erumperet,
1315 2267 1362 2316 an

376 2360 499 2436 consul
509 2361 617 2435 castra
628 2360 791 2458 cepisset:
811 2362 959 2451 Decius,
972 2389 1087 2460 quum
1102 2387 1174 2436 non
1187 2360 1362 2449 fallerent,

377 2483 568 2557 clamorem
590 2481 711 2554 tollere
731 2482 828 2576 juffis
846 2481 1033 2570 militibus,
1060 2481 1218 2581 torpidos
1234 2478 1362 2555 somno

377 2598 519 2699 insuper
534 2625 662 2700 pauore
678 2600 873 2690 exanimat3
902 2627 975 2701 quo
989 2601 1196 2702 praepediti,
1221 2627 1287 2674 nec
1306 2626 1362 2674 ar-

377 2745 436 2796 ma
451 2719 589 2820 inpigre
605 2747 742 2820 capere,
773 2747 838 2796 nec
856 2721 1027 2810 obfistere,
1057 2749 1123 2797 nec
1141 2719 1277 2820 insequi
1294 2745 1361 2817 po-

377 2861 498 2915 terant.
548 2842 643 2914 Inter
655 2839 925 2938 trepidationem
939 2843 1208 2940 tumultumque
1221 2838 1359 2914 Samni-

378 2959 484 3049 tium,
515 2959 725 3057 praesidium
754 2963 975 3049 Romanum,
1007 2959 1122 3036 obviis
1151 2959 1360 3036 custodibus

376 3083 491 3170 caests,
520 3081 567 3154 ad
590 3079 697 3154 castra
721 3080 872 3156 consulis
901 3080 1070 3180 pervadit.
1118 3080 1359 3178 Aliquantum

378 3199 550 3300 supererat
576 3199 702 3289 nostis,
724 3201 871 3298 jamque
889 3200 926 3274 in
943 3222 1022 3277 tuto
1040 3201 1252 3276 videbantur
1268 3202 1333 3274 effe
1343 3232 1357 3287 3

377 3345 493 3418 quum
510 3319 659 3408 Decius,
690 3329 715 3363 “
734 3320 850 3394 Masli
867 3319 1032 3410 virtute,”
1057 3319 1189 3420 inquit,
1222 3330 1247 3364 “
1265 3319 1358 3394 mili-

377 3448 403 3482 “
421 3459 472 3512 tes
488 3437 661 3528 Romani,
678 3439 759 3513 este.
793 3439 958 3514 Vestrum
975 3439 1040 3514 iter
1056 3466 1096 3515 ac
1110 3441 1264 3515 reditum
1281 3466 1356 3514 om·

378 3567 404 3602 “
422 3555 482 3631 nia
498 3554 612 3632 secula
624 3558 790 3634 laudibus
813 3557 935 3634 ferent.
985 3561 1055 3635 Sed
1077 3563 1123 3635 ad
1142 3559 1357 3658 conspicien-

377 3687 404 3722 “
422 3677 506 3752 dam
522 3697 655 3751 tantam
671 3675 838 3754 virtutem
852 3680 933 3754 luce
946 3705 986 3755 ac
997 3679 1056 3756 die
1073 3707 1163 3780 opus
1180 3681 1240 3756 est.
1278 3683 1357 3755 Nec

376 3808 402 3843 ‘⁶
419 3823 482 3874 vos
503 3796 605 3896 digni
631 3796 723 3886 estis,
750 3823 841 3898 quos
858 3826 943 3875 cum
959 3823 1055 3876 tanta
1070 3801 1181 3902 gloria
1197 3800 1235 3874 in
1251 3801 1358 3876 castra

378 3918 568 3992 “reduces
593 3916 768 3992 filentium
796 3943 837 3994 ac
867 3945 939 3996 nox
965 3944 1071 4022 tegat.
1130 3920 1208 3998 Hic
1240 3923 1357 3996 lucem

378 4034 536 4136 “quieti
583 4034 844 4138 opperiamur.''
908 4039 1027 4120 Dictis
1064 4046 1358 4144 obtemperatum.
