3067 5342
382 773 454 840 a4a
712 745 1027 820 T.L1v11

381 915 487 992 fidiis.
536 919 591 991 lta
605 943 733 1017 magna
748 943 826 1016 pars
842 915 974 994 absenti
992 913 1083 990 hosti
1106 917 1211 990 cesfit.
1259 917 1363 1012 Qtos

381 1035 473 1111 intra
486 1038 621 1112 vallum
637 1057 755 1136 egerat
769 1063 891 1136 pavor,
917 1035 1029 1134 (suere
1046 1056 1165 1110 autem
1177 1033 1223 1108 ad
1238 1030 1360 1131 trigina

380 1177 417 1230 ta
432 1155 558 1250 millia)
576 1182 700 1230 omnes
716 1160 824 1246 caest;
852 1157 958 1232 castra
971 1155 1119 1252 direpta.

430 1277 626 1352 XXXVII.
668 1278 722 1351 Ita
749 1279 854 1352 rebus
883 1275 1000 1376 gestis,
1030 1271 1165 1362 consul,
1194 1273 1364 1347 advocata

380 1394 568 1484 concione,
602 1399 644 1470 P.
671 1395 778 1472 Decii
804 1423 877 1470 non
893 1415 1034 1494 coeptas
1050 1393 1165 1470 solum
1184 1413 1277 1479 ante,
1304 1387 1363 1468 sed

380 1519 578 1592 cumulatas
593 1541 686 1590 nova
700 1515 830 1592 virtute
845 1518 966 1591 laudes
983 1513 1137 1614 peragit:
1164 1517 1213 1602 dt,
1230 1531 1363 1610 praeter

379 1635 546 1714 militaria
564 1635 632 1710 alia
653 1639 761 1724 dona,
786 1661 890 1711 aurea
908 1659 1039 1710 corona
1057 1659 1142 1714 eum
1160 1637 1194 1708 dt
1218 1653 1362 1716 centum

379 1759 513 1845 bubus,
538 1755 745 1854 eximioque
760 1781 836 1830 uno
855 1756 936 1830 albo
960 1753 1083 1852 opimo
1106 1752 1233 1828 auratis
1249 1751 1362 1828 corni-

378 1877 460 1963 bus,
492 1878 612 1952 donat.
662 1875 815 1965 Milites,
843 1875 908 1974 qui
931 1875 969 1949 in
984 1873 1153 1974 praesidio
1169 1873 1270 1948 simul
1287 1871 1362 1946 sue-

375 2017 466 2085 rant,
489 1995 628 2096 duplici
644 1994 823 2071 frumento
839 1995 876 2070 in
893 2015 1120 2094 perpetuum,
1148 1991 1186 2068 in
1202 1991 1358 2091 praesen·

377 2115 427 2191 tia
451 2117 594 2215 singulis
614 2119 733 2191 bubus
759 2112 922 2214 binisque
945 2113 1054 2212 privis
1079 2113 1211 2188 tunicis
1227 2110 1361 2188 donati.

380 2237 588 2310 Secundum
621 2233 773 2310 consulis
806 2235 1034 2312 donationem
1051 2233 1206 2334 legiones
1233 2231 1360 2333 grann-

378 2379 483 2428 neam
499 2380 666 2429 coronam
683 2353 948 2444 obfidionalem,
979 2355 1129 2430 clamore
1146 2355 1284 2430 donum
1300 2353 1361 2428 ad·

374 2476 575 2570 probantes,
602 2472 718 2548 Decio
733 2471 923 2572 inponunt.
973 2476 1095 2549 Altera
1111 2498 1255 2562 corona,
1271 2473 1359 2568 ejus·

379 2593 464 2681 dem
488 2589 633 2668 honoris
650 2591 773 2682 index,
799 2621 820 2668 a
846 2593 1014 2692 praefidio
1040 2593 1103 2670 suo
1130 2593 1277 2691 inpolita
1300 2593 1360 2668 est.

376 2711 450 2787 His
477 2715 662 2789 decoratus
685 2711 878 2814 insignibus
900 2718 1029 2790 bovem
1049 2711 1225 2790 eximium
1250 2712 1359 2788 Marti

374 2831 583 2921 inmolavit3
613 2854 761 2908 centum
786 2837 893 2908 boves
923 2831 1098 2908 militibus
1123 2835 1220 2909 dono
1241 2833 1355 2921 dedit,

375 2950 440 3047 qui
458 2950 577 3025 secum
605 2952 644 3026 in
665 2950 892 3050 expeditione
910 2951 1059 3028 fuerant.
1107 2951 1237 3028 Iisdem
1266 2953 1358 3028 mili·

375 3070 471 3146 tibus
493 3071 651 3170 legiones
667 3071 773 3146 libras
797 3071 895 3146 sartis
912 3073 945 3146 dr
962 3070 1125 3146 sextarios
1142 3071 1216 3148 vini
1233 3095 1357 3150 contu·

373 3192 510 3266 lerunt:
543 3191 736 3290 omniaque
768 3217 810 3272 ea
835 3189 971 3291 ingenti
996 3192 1169 3269 alacritate
1197 3219 1261 3291 per
1290 3195 1357 3268 cla·

372 3336 509 3386 morem
542 3309 746 3398 militarem,
796 3309 955 3386 indicem
985 3311 1150 3388 omnium
1183 3312 1357 3402 adsensus,

372 3435 595 3528 gerebantur.
655 3429 778 3506 Tertia
809 3455 931 3528 pugna
960 3432 1007 3505 ad
1035 3431 1229 3509 Suessulam
1260 3461 1357 3510 com·

372 3548 472 3623 missa
496 3549 561 3624 est:
590 3576 662 3648 qua
685 3549 831 3649 fugatus
854 3575 876 3624 a
899 3547 958 3624 M.
984 3551 1125 3628 Valerio
1140 3551 1357 3630 Samnitium

373 3667 561 3756 exercitus,
595 3667 693 3742 omni
712 3673 837 3744 robore
858 3668 1057 3765 juventutis
1084 3674 1194 3748 domo
1223 3673 1355 3763 adcito,

372 3787 561 3864 certamine
584 3787 714 3862 ultimo
737 3787 917 3864 fortunam
940 3789 1091 3887 experiri
1115 3792 1244 3870 statuit.
1294 3798 1357 3872 Ab

372 3909 529 3984 Suessula
558 3905 681 3981 nuncii
711 3907 841 4006 trepidi
876 3912 1053 4008 Capuam,
1105 3911 1189 3988 inde
1222 3911 1358 4012 equites

372 4024 471 4101 citati
510 4028 557 4100 ad
596 4025 778 4102 Valerium
821 4028 1015 4119 consulem,
1059 4057 1167 4132 opem
1206 4054 1357 4122 oratum,

370 4144 531 4221 veniunt.
592 4143 789 4222 Confestim
816 4149 911 4252 figna
935 4171 1049 4226 motat
1080 4153 1279 4254 relidlisque
1302 4153 1355 4230 in-
