3067 5342
386 748 454 814 140
747 722 796 796 T.
846 722 1039 795 Lrvrr

381 895 496 993 primo
519 894 634 971 tenuit
654 894 801 971 effusos:
839 895 938 986 inde,
969 917 1010 971 ut
1035 892 1238 993 circumagi
1256 896 1365 992 signa,

379 1017 589 1115 obvertique
618 1017 732 1091 aciem
759 1016 927 1092 viderunt
956 1017 993 1092 in
1023 1016 1180 1103 hostem,
1216 1019 1251 1089 δι
1281 1016 1365 1101 dux,

379 1160 621 1237 praeterquam
655 1139 756 1236 quod
781 1160 833 1211 tot
861 1138 1002 1239 insignis
1027 1134 1239 1234 triumphis,
1266 1134 1368 1209 etiam

378 1278 489 1331 aetate
516 1257 737 1345 venerabilis,
771 1258 862 1332 inter
884 1259 998 1357 prima
1024 1261 1121 1357 ligna
1151 1255 1235 1355 (ubi
1263 1252 1367 1353 pluri-

378 1405 460 1451 mus
475 1380 574 1453 labor
588 1378 861 1479 periculumque
878 1380 964 1473 erat)
984 1378 1017 1453 se
1034 1376 1236 1465 obferebat,
1262 1374 1369 1449 incre·

377 1524 464 1599 pare
486 1498 611 1599 singuli
639 1498 672 1573 se
699 1497 908 1599 quisque&
934 1498 1033 1587 alios,
1060 1496 1317 1573 &adhortatio
1334 1493 1369 1569 in

378 1618 496 1693 vicem
523 1641 633 1695 totam
656 1619 761 1694 alacri
784 1623 935 1695 clamore
952 1622 1097 1719 pervastt
1113 1618 1248 1694 aciem.
1298 1620 1368 1691 Ne·

380 1766 453 1837 que
465 1742 550 1814 alter
566 1739 729 1815 tribunus
745 1740 795 1814 rei
813 1738 950 1813 defuit:
968 1739 1042 1829 sed,
1057 1740 1184 1815 miffus
1202 1740 1369 1835 acollega

381 1859 582 1934 testimente
599 1859 763 1959 peditum
782 1858 895 1934 aciem
912 1861 958 1948 ad
981 1860 1134 1959 equites,
1168 1885 1245 1933 non
1273 1854 1368 1933 casti-

379 1984 511 2081 gando,
548 1983 609 2079 (ad
635 2006 745 2080 quam
764 2006 839 2054 rem
868 1980 1037 2055 leviorem
1066 1983 1255 2055 auctorem
1287 2000 1368 2051 eum

378 2105 504 2201 culpae
527 2099 670 2175 societas
693 2099 835 2195 fecerat)
865 2099 938 2190 sed,
966 2105 1011 2177 ab
1029 2101 1183 2201 imperio
1202 2120 1299 2174 totus
1324 2094 1368 2168 ad

352 2298 356 2305 ,
377 2247 497 2320 preces
509 2198 642 2307 uersus,
658 2245 754 2294 orare
772 2222 924 2319 singulos
935 2220 1204 2321 universosque,
1222 2230 1249 2263 “
1267 2239 1309 2293 ut
1322 2214 1365 2302 se,

379 2352 405 2387 “
423 2366 525 2415 reum
556 2338 715 2413 fortunae
749 2342 823 2437 ejus
856 2340 942 2429 diei,
972 2340 1120 2416 crimine
1155 2339 1365 2416 eximerent.

378 2470 406 2503 “
424 2462 619 2535 Abnuente
636 2486 677 2533 ac
687 2459 896 2557 prohibente
911 2462 1058 2562 collega,
1085 2460 1298 2537 temeritatis
1310 2482 1364 2531 me

379 2590 406 2625 “
423 2578 589 2655 omnium
603 2578 721 2678 potius
734 2578 883 2669 socium,
899 2608 1006 2680 quam
1017 2580 1124 2657 unius
1137 2578 1363 2682 prudentiae,

378 2711 404 2746 ‘⁸
422 2698 520 2775 dedi.
569 2698 740 2775 Camillus
757 2698 796 2773 in
812 2721 961 2799 utraque
976 2701 1087 2776 vestra
1103 2702 1250 2778 fortuna
1270 2698 1364 2774 suam

378 2831 403 2865 “
422 2819 571 2921 gloriam
588 2820 706 2895 videt:
727 2847 808 2919 eg0,
827 2819 863 2894 ni
882 2820 1074 2895 restituitur
1089 2848 1228 2922 pugna,
1249 2816 1363 2919 (quod

377 2952 403 2985 “
421 2938 657 3015 miserrimum
675 2941 739 3035 est)
759 2939 937 3014 fortunam
955 2967 1039 3015 cum
1056 2942 1243 3029 omnibus,
1277 2935 1363 3011 infa-

376 3074 401 3105 “
421 3060 530 3135 miam
548 3059 640 3135 solus
657 3058 837 3134 sentiam.”
893 3060 1083 3159 Optimum
1099 3060 1219 3137 visum
1237 3058 1299 3147 est,
1325 3055 1361 3129 in

374 3185 608 3257 fluctuantem
630 3180 743 3255 aciem
759 3179 850 3254 tradi
872 3206 995 3279 equos,
1020 3182 1225 3281 &pedestri
1241 3201 1360 3281 pugna

375 3301 540 3375 invadere
551 3300 699 3373 hostem.
751 3304 850 3374 Eunt
866 3300 1013 3400 infignes
1028 3302 1132 3377 armis
1146 3299 1358 3398 animisque,

375 3446 447 3517 qua
471 3419 583 3517 premi
609 3441 705 3517 parte
727 3418 882 3495 maxime
903 3421 1065 3519 peditum
1082 3410 1203 3523 copias
1226 3421 1357 3498 vident.

374 3538 493 3626 Nihil,
520 3564 637 3636 neque
664 3541 760 3638 apud
790 3540 913 3629 duces,
944 3556 1061 3639 neque
1085 3542 1182 3642 apud
1215 3540 1356 3623 milites,

374 3658 567 3735 remittitur
582 3686 603 3732 a
618 3657 757 3733 summo
775 3658 964 3736 certamine
977 3660 1098 3736 animi.
1148 3666 1258 3739 Sensit
1275 3682 1356 3759 ergo

374 3802 522 3856 eventus
538 3778 678 3854 virtutis
695 3778 807 3853 enisae
821 3806 948 3878 opem:
967 3784 1001 3855 ἃ
1016 3780 1148 3871 Volsci,
1162 3810 1236 3881 qua
1248 3778 1356 3857 modo

375 3902 534 3975 simulato
552 3921 651 3974 metu
670 3902 849 3989 cesserant,
865 3926 905 3973 ea
922 3900 959 3973 in
975 3928 1093 3975 veram
1108 3902 1231 4003 fugam
1248 3900 1355 3983 effust,

373 4049 503 4121 magna
517 4048 596 4121 pars
616 4025 650 4096 δι
674 4018 713 4095 in
736 4018 810 4121 ipso
828 4020 1031 4111 certamine,
1062 4024 1195 4123 &post
1212 4022 1251 4099 in
1273 4020 1356 4119 suge
