3067 5342
388 743 457 818 272
701 719 1016 794 T.L1vtr

386 889 486 976 fixas,
527 885 623 961 haud
656 885 754 961 secus
783 915 893 987 quam
922 889 1016 962 vallo
1048 885 1145 985 septa
1177 888 1368 962 inhorreret

386 1007 490 1094 acies,
541 1027 708 1082 tenentes.
775 1007 810 1082 si
863 1011 961 1106 apud
994 1007 1172 1106 principes
1222 1033 1369 1106 quoque

382 1127 478 1201 haud
522 1123 600 1200 satis
631 1123 789 1223 prospere
827 1129 910 1202 effet
947 1147 1162 1228 pugnatum,
1201 1152 1224 1199 a
1254 1125 1370 1224 prima

382 1244 458 1320 acie
484 1247 530 1320 ad
549 1245 683 1320 triarios
708 1244 830 1320 sensim
854 1246 1101 1322 reserebantur.
1143 1247 1231 1320 Inde
1249 1256 1274 1290 “
1294 1274 1367 1322 rem

383 1378 407 1412 “
424 1369 470 1442 ad
487 1365 622 1440 triarios
638 1364 798 1453 rediffe,’'
827 1391 944 1465 quum
967 1367 1156 1454 laboratur,
1179 1368 1368 1466 proverbio

382 1484 586 1562 increbruit.
651 1483 781 1560 Triarii
807 1483 1067 1584 consurgentes,
1096 1485 1162 1561 ubi
1191 1486 1229 1560 in
1261 1486 1366 1563 inter-

379 1608 469 1681 valla
517 1605 684 1680 ordinum
730 1604 875 1680 suorum
920 1605 1094 1703 principes
1141 1612 1175 1680 δι
1217 1609 1366 1684 hastatos

380 1727 596 1824 recepissent,
629 1729 811 1825 extemplo
836 1728 1034 1823 compresfis
1055 1725 1243 1802 ordinibus
1268 1733 1366 1804 velut

381 1847 593 1921 claudebant
605 1844 700 1920 vias:
729 1872 874 1945 unoque
891 1845 1087 1921 continenti
1105 1847 1262 1946 agmine,
1289 1850 1365 1946 jam

381 1969 479 2042 nulla
501 1965 557 2068 spe
584 1967 662 2066 post
686 1966 818 2055 relisis,
845 1965 884 2038 in
910 1965 1045 2040 hostem
1070 1964 1296 2042 incidebantz
1330 1968 1368 2043 id

380 2107 452 2162 erat
468 2085 824 2162 formidolofiffimum
843 2085 947 2174 hosti,
975 2112 1106 2185 quum,
1131 2088 1231 2161 reiut
1251 2086 1365 2162 vidos

381 2206 542 2293 insecuti,
579 2232 707 2280 novam
725 2226 866 2303 repente
882 2205 997 2281 aciem
1013 2205 1260 2306 exsurgentem
1277 2233 1361 2282 auc-

382 2345 455 2399 tam
500 2349 649 2399 numero
686 2329 886 2400 cernebant.
952 2324 1203 2401 Scribebantur
1243 2349 1364 2402 autem

381 2463 535 2543 quatuor
566 2442 636 2518 fere
665 2444 822 2544 legiones
852 2444 971 2544 quinis
999 2446 1159 2522 millibus
1184 2447 1362 2546 peditum,

379 2562 560 2662 equitibus
578 2562 614 2638 in
641 2565 790 2664 singulas
815 2565 971 2664 legiones
989 2565 1148 2641 trecenis.
1197 2567 1364 2642 Alterum

381 2703 520 2759 tantum
549 2709 593 2758 ex
621 2683 752 2758 Latino
778 2686 918 2760 delesiu
949 2684 1192 2782 adjiciebatur,
1225 2686 1291 2785 qui
1322 2714 1364 2762 ea

380 2803 583 2903 tempestate
610 2803 724 2878 hostes
746 2823 843 2878 erant
871 2805 1059 2894 Romanis,
1085 2809 1286 2904 eodemque
1307 2832 1361 2880 or-

379 2923 465 2999 dine
482 2923 714 2998 instruxerant
729 2924 864 2998 aciem:
892 2951 958 3000 nec
973 2925 1101 3001 vexilla
1117 2954 1203 3003 cum
1219 2925 1360 3000 vexillis

377 3044 706 3131 tantum,univers1
737 3043 860 3118 hastati
883 3069 967 3118 cum
995 3045 1148 3135 hastatis,
1182 3045 1360 3144 principes

380 3191 464 3241 cum
501 3163 750 3262 principibus;
792 3162 852 3238 sed
890 3164 1051 3240 centurio
1089 3191 1235 3265 quoque
1278 3192 1360 3240 cum

378 3283 598 3373 centurione,
626 3287 649 3356 fi
666 3284 807 3359 ordines
823 3285 953 3359 turbati
970 3312 1044 3359 non
1060 3288 1181 3373 essent,
1211 3311 1358 3360 concur·

378 3407 531 3480 rendum
548 3403 610 3479 fibi
627 3406 692 3478 effe
710 3403 873 3479 sciebant.
923 3407 1012 3481 Duo
1024 3405 1196 3506 primipili
1208 3433 1254 3480 ex
1266 3428 1359 3481 utra·

328 3611 333 3620 ¹
378 3551 450 3623 que
475 3525 548 3598 acie
575 3522 664 3598 inter
693 3524 827 3599 triarios
849 3547 966 3600 erantz
1001 3528 1188 3601 Romanus
1208 3545 1358 3624 ‘corpore

378 3647 656 3743 haudquaquam
674 3642 750 3720 satis
774 3645 924 3734 validus,
951 3667 1108 3722 ceterum
1125 3647 1284 3722 strenuus
1305 3647 1359 3721 vit

376 3762 577 3865 peritusque
592 3765 739 3839 militiae
755 3797 763 3840 ε
790 3766 941 3841 latinus
957 3767 1094 3843 vitibus
1111 3768 1236 3868 ingens
1252 3770 1359 3843 bella-

377 3905 502 3984 torque
517 3884 675 3981 primus3
703 3885 868 3961 notiffimi
886 3887 976 3963 inter
988 3887 1035 3978 se,
1052 3889 1139 3988 quia
1154 3915 1251 3987 pares
1267 3888 1357 3962 sem-

373 4033 436 4106 per
452 4005 592 4080 ordines
607 4007 791 4080 duxerant.
841 4009 1022 4097 Romano,
1041 4011 1138 4083 haud
1151 4007 1229 4083 satis
1243 4009 1356 4083 fiden-

373 4125 565 4216 tiviribus,
586 4125 662 4222 jam
677 4129 818 4204 Romae
833 4127 1038 4228 penniffum
1054 4151 1128 4204 erat
1143 4131 1188 4206 ab
1205 4123 1357 4205 consuli·
