3067 5342
380 760 426 858 36
698 757 1017 834 T.L1vrt

384 943 409 976 “
429 929 484 1006 sus
500 931 689 1006 oculorum
713 952 821 1029 atque
848 930 990 1006 aurium
1012 932 1170 1017 hebetes,
1199 927 1374 1003 memoria

385 1062 411 1095 “
429 1053 535 1137 labat,
568 1049 671 1150 vigor
697 1051 808 1124 animi
838 1049 996 1127 obtusus.
1047 1051 1106 1124 En
1135 1047 1277 1136 vobis,’'
1315 1047 1373 1121 in-

385 1171 479 1270 quit,
506 1171 752 1266 “juvenem'’
786 1170 902 1244 filium
925 1191 1061 1257 tenens,
1091 1167 1290 1268 “effigiem
1319 1188 1374 1242 at-

387 1301 412 1336 “
432 1315 502 1387 que
522 1289 715 1388 imaginem
732 1292 820 1387 ejus,
854 1315 966 1388 quern
982 1315 1044 1363 vos
1063 1309 1166 1364 antea
1180 1286 1373 1362 tribunum

388 1421 413 1454 “
433 1409 590 1484 militum
608 1412 773 1508 explebe
791 1409 950 1508 primurn
967 1406 1109 1482 fecistis.
1158 1409 1275 1483 Hunc
1287 1433 1373 1508 eg0,

388 1541 413 1574 ‘⁶
432 1529 635 1604 institutum
665 1528 852 1628 disciplina
884 1555 976 1617 mea,
1011 1526 1187 1603 vicarium
1220 1555 1285 1627 pro
1314 1554 1374 1602 me

388 1649 670 1748 “Reipublicae
710 1651 759 1724 do
803 1649 971 1746 dicoque.
1038 1644 1183 1744 Vosque
1226 1646 1372 1746 quaeso,

389 1780 414 1814 “
433 1769 605 1872 Qrirites,
636 1771 796 1844 delatum
828 1767 919 1844 mihi
952 1768 1047 1841 ultro
1079 1769 1253 1842 honorem
1284 1766 1375 1842 huic

388 1902 414 1934 “
433 1891 580 1989 petenti,
627 1889 787 1988 meisque
829 1915 893 1988 pro
922 1915 966 1962 eo
1007 1887 1152 1985 adjeslis
1193 1887 1374 1987 precibus,

390 2023 414 2056 ‘⁶
434 2011 643 2086 mandetis.''
694 2012 832 2087 Datum
847 2009 886 2083 id
908 2006 1041 2108 petenti
1068 2007 1179 2106 patri;
1205 2009 1373 2108 filiusque

389 2132 463 2227 ejus
490 2134 530 2205 P.
549 2129 714 2206 Licinius
741 2129 905 2206 tribunus
926 2128 1086 2203 militum
1109 2128 1281 2205 consulari
1308 2157 1374 2230 po-

390 2250 510 2325 testate
537 2277 622 2325 cum
647 2251 701 2338 iis,
736 2275 828 2349 quos
857 2247 960 2348 supra
975 2249 1185 2350 scripsrmus,
1219 2251 1386 2325 declara:

391 2391 459 2444 tus.
526 2369 686 2446 Titinius
730 2368 986 2468 Genuciusque
1024 2369 1159 2445 tribuni
1200 2369 1374 2461 militum,

391 2491 539 2592 profesti
572 2488 734 2566 adversus
769 2488 921 2565 Faliscos
958 2489 1237 2589 Capenatesque,
1283 2492 1377 2568 dum

393 2612 529 2687 bellum
562 2610 691 2706 majore
725 2608 845 2687 animo
879 2631 1020 2710 gerunt,
1069 2636 1180 2709 quam
1213 2612 1375 2702 confilio,

391 2730 662 2830 praecipitavere
687 2729 724 2803 in
750 2727 900 2804 infidias.
951 2729 1152 2820 Genucius,
1179 2753 1292 2808 morte
1310 2735 1377 2808 ho·

393 2852 487 2926 nesta
514 2849 746 2926 temeritatem
777 2851 891 2938 luens,
935 2871 1015 2925 ante
1045 2854 1141 2950 figna
1173 2852 1265 2928 inter
1297 2854 1371 2953 pri-

393 2998 508 3046 mores
541 2970 683 3045 cecidit.
733 2967 906 3058 Titinius,
946 2970 984 3045 in
1018 2970 1157 3047 editum
1190 2975 1377 3050 tumulum

392 3119 437 3166 ex
453 3094 566 3165 multa
588 3089 822 3190 trepidatione
848 3089 1024 3166 militibus
1047 3093 1229 3181 conleelis,
1259 3093 1378 3170 aciem

393 3209 560 3297 restituit,
593 3237 659 3284 nec
676 3207 709 3284 se
733 3231 852 3284 tamen
874 3237 991 3310 aequo
1007 3213 1089 3288 loeo
1106 3213 1197 3288 hosti
1222 3213 1377 3288 commi-

393 3335 442 3405 srt.
492 3333 577 3404 Plus
607 3328 825 3428 ignominiae
842 3351 927 3420 etat,
959 3358 1070 3430 quam
1097 3331 1221 3423 cladis,
1251 3360 1379 3434 accep-

393 3471 491 3538 tum3
535 3474 627 3547 quae
661 3475 771 3547 prope
802 3447 839 3523 in
866 3450 1005 3524 cladem
1036 3451 1219 3550 ingentem
1251 3453 1357 3529 vertit
1364 3488 1378 3544 3

393 3591 533 3644 tantum
568 3567 652 3642 inde
682 3567 819 3644 terroris
852 3596 925 3643 non
955 3573 1095 3646 Rornae
1126 3573 1252 3662 modo,
1299 3599 1379 3672 quo

392 3689 581 3790 multiplex
599 3687 692 3762 sama
716 3711 931 3787 pervenerat,
956 3689 1017 3764 sed
1033 3689 1071 3765 in
1094 3691 1211 3767 castris
1228 3718 1379 3792 quoque

392 3811 462 3887 suit
486 3813 533 3885 ad
550 3810 666 3906 Vejos.
717 3814 836 3908 Aegre
865 3809 917 3885 ibi
944 3809 1046 3886 miles
1072 3833 1227 3887 retentus
1250 3813 1378 3914 afuga

391 3931 454 4020 est,
480 3955 596 4030 quum
614 3930 806 4027 pervasisset
822 3930 931 4004 castra
944 3957 1078 4023 rumor,
1105 3933 1262 4010 ducibus
1276 3961 1377 4009 exer-

392 4050 540 4147 cituque
564 4047 676 4138 caeso,
704 4047 877 4124 nidorem
894 4054 1113 4150 Capenatem
1132 4081 1174 4129 ac
1197 4052 1378 4132 Faliscum

392 4168 625 4268 Etruriaeque
636 4195 782 4248 omnem
792 4168 1021 4266 juventutem
1036 4175 1133 4250 haud
1146 4177 1274 4280 procul
1290 4175 1377 4250 inde
