3067 5342
465 676 800 748 LtsanV.
1087 698 1130 774 31

150 876 234 928 nam
260 876 305 924 eo
328 847 393 924 Dii
420 851 671 946 portenderent
693 848 874 950 prodigio,
908 850 998 924 misfi
1020 845 1134 923 scisci-

149 992 264 1045 tatum
298 991 450 1044 oratores
488 972 534 1044 ad
570 969 793 1068 Delphicum
825 973 1032 1045 oraculum:
1076 967 1136 1042 sed

150 1091 294 1190 propior
311 1090 480 1188 interpres
505 1089 584 1166 satis
611 1093 750 1190 oblatus
767 1089 880 1164 senior
897 1089 1048 1187 quidam
1065 1091 1134 1161 Ve-

143 1213 238 1307 jens,
269 1212 348 1309 qui,
379 1208 470 1284 inter
492 1210 694 1286 cavillantes
717 1210 754 1284 in
774 1209 983 1286 stationibus
999 1237 1040 1285 ac
1057 1206 1135 1284 cus-

149 1331 259 1406 todiis
285 1331 416 1405 milites
445 1335 632 1405 Romanos
663 1330 915 1429 Etruscosque,
942 1328 1136 1405 vaticinan-

150 1451 192 1526 tis
211 1452 251 1525 in
278 1454 432 1526 modum
450 1450 595 1538 cecinit,
623 1449 879 1548 “Priusquam
902 1477 948 1524 ex
973 1452 1053 1525 lacu
1072 1453 1136 1525 Al-

150 1576 290 1646 “bano
315 1596 410 1669 aqua
433 1571 553 1644 emissa
569 1569 673 1658 soret,
707 1597 909 1669 numquam
936 1572 1135 1668 potiturum

148 1703 172 1736 “
192 1691 291 1788 Vejis
321 1694 567 1766 Romanum.'’
633 1693 745 1793 Qrod
780 1692 910 1789 primo,
952 1694 1051 1767 velut
1083 1713 1135 1764 te·

150 1839 246 1886 mete
271 1813 423 1908 jaesum,
449 1810 576 1908 sperni,
603 1811 726 1911 agitari
754 1813 888 1886 deinde
915 1811 1136 1887 sermonibus

150 1953 322 2031 coeptum
347 1931 421 2018 est;
448 1933 563 2006 donec
592 1959 687 2007 unus
717 1961 762 2008 ex
789 1933 936 2008 statione
970 1937 1137 2007 Romana
1233 2025 1238 2039 ι

152 2055 404 2150 ρεῑωηᾶειωε
420 2051 627 2150 proximum
650 2055 928 2153 oppidanorum,
965 2055 1050 2152 (jam
1076 2081 1138 2152 per

152 2172 453 2272 longinquitatem
471 2173 556 2248 belli
574 2175 792 2250 commercio
809 2175 1012 2250 sermonum
1026 2174 1135 2268 sado)

154 2292 321 2390 quisnam
348 2291 378 2366 is
404 2296 498 2381 esset,
527 2293 592 2391 qui
609 2321 671 2391 per
687 2299 852 2395 ambages
869 2299 914 2371 de
931 2299 1010 2370 lacu
1028 2296 1140 2369 Alba-

152 2440 201 2486 no
208 2415 366 2510 jaceret?
401 2414 589 2512 postquam
605 2415 743 2489 audivit
760 2416 955 2515 aruspicem
981 2417 1062 2503 elle,
1084 2414 1139 2488 vir

153 2536 253 2609 haud
271 2533 392 2608 intasli
416 2533 585 2634 religione
609 2535 733 2623 animi,
760 2540 933 2612 caussatus
950 2539 995 2609 de
1013 2535 1139 2632 privati

152 2655 308 2754 portenti
326 2655 585 2754 procuratione,
616 2661 651 2730 sr'
666 2683 790 2754 operae
813 2657 865 2730 illi
885 2659 980 2743 effet,
1013 2654 1139 2729 consu-

153 2779 222 2850 lere
239 2778 345 2864 velle,
363 2778 409 2850 ad
422 2776 659 2877 conloquium
676 2798 793 2852 vatem
811 2775 945 2853 elicuit.
995 2757 1140 2876 Qum·-

153 2923 226 2996 que
258 2899 422 2996 progressi
449 2900 556 2971 ambo
587 2924 608 2972 a
637 2897 706 2972 suis
742 2897 886 2996 longius
913 2897 1021 2970 essent
1048 2895 1141 2969 iner-

156 3044 248 3106 mes,
274 3021 343 3091 srne
360 3019 435 3091 ullo
458 3039 577 3105 metu3
612 3021 814 3118 praevalens
833 3016 976 3114 juvenis
1004 3018 1140 3091 Roma

155 3165 223 3212 nus
240 3137 358 3211 senem
382 3137 580 3226 infirmum,
616 3138 653 3211 in
671 3138 861 3237 conspeslu
880 3137 1046 3212 omnium
1064 3163 1139 3235 rap-

155 3279 249 3346 tum,
281 3256 530 3368 nequidquam
560 3258 863 3333 tumultuantibus
898 3255 1068 3345 Etruscis,
1093 3259 1140 3331 ad

156 3378 237 3454 suos
258 3377 445 3452 transtulit.
495 3378 571 3479 Qu
603 3404 719 3477 quum
747 3381 938 3477 perduslus
964 3381 1010 3453 ad
1027 3378 1140 3477 impe-

155 3521 322 3587 ratorem,
351 3499 436 3572 inde
466 3501 624 3572 Romam
647 3501 693 3572 ad
720 3497 879 3572 senatum
906 3499 1028 3574 miffus
1044 3501 1139 3584 esset,

155 3619 427 3708 sciscitantibus,
461 3616 635 3716 quidnam
664 3619 703 3695 id
729 3623 825 3707 ell'et,
861 3622 962 3717 quod
988 3619 1034 3691 de
1059 3618 1140 3691 lacu

158 3741 305 3816 Albano
334 3739 520 3829 docuillet,
554 3739 749 3838 respondit:
786 3751 812 3783 “
844 3739 1008 3813 Proseslo
1037 3737 1142 3811 iratos

158 3872 184 3903 “
203 3864 301 3936 Deos
319 3859 459 3956 Vejenti
493 3862 628 3958 populo
655 3860 717 3934 illo
751 3859 851 3934 fuisse
882 3859 956 3946 die,
987 3884 1061 3957 quo
1078 3859 1141 3933 fibi

159 3992 185 4024 “
204 4007 283 4054 eam
314 4001 472 4054 mentem
494 3980 711 4076 objecissent,
745 4002 787 4053 ut
809 3977 994 4054 excidium
1011 3959 1164 4075 patriae*

160 4113 185 4144 “
205 4101 308 4176 fatale
337 4102 512 4200 proderet.
562 4101 703 4199 Itaque,
734 4125 826 4200 quae
860 4120 939 4173 tum
973 4099 1143 4178 cecinerit
