3067 5342
484 675 715 750 Ltnan
773 672 817 749 V.
1107 695 1151 775 27

168 852 262 926 ultra
294 852 492 950 processum
522 853 584 940 est,
627 877 737 950 quam
767 874 811 926 ut
838 878 934 926 unus
963 877 1008 924 ex
1035 851 1152 948 plebe,

169 970 365 1069 usurpandi
377 972 468 1069 juris
485 975 613 1061 caussa,
641 977 681 1046 P.
703 971 869 1047 Licinius
887 975 1017 1047 Calvus
1042 972 1154 1047 tribu-

169 1119 238 1165 nus
255 1091 412 1167 militum
430 1092 601 1168 consulari
628 1093 797 1190 potestate
820 1117 1015 1167 crearetur:
1048 1094 1153 1168 ceteri

169 1213 307 1312 patricii
325 1214 431 1287 creati
458 1218 498 1287 P.
518 1213 699 1301 Maenius,
728 1215 774 1288 L.
792 1212 965 1301 Titinius,
992 1217 1032 1289 P.
1051 1217 1154 1289 Mae-

169 1335 252 1423 lius,
284 1337 329 1408 L.
358 1335 487 1408 Furius
511 1335 752 1422 Medullinus,
786 1337 833 1408 L.
856 1335 1034 1410 Publilius
1055 1335 1154 1409 Vols-

168 1482 244 1528 cus.
295 1454 373 1553 lpsa
386 1459 506 1554 plebes
523 1453 729 1543 mirabatur,
755 1454 788 1529 se
814 1477 946 1530 tantam
963 1483 1038 1530 rem
1062 1455 1154 1532 obti-

168 1577 300 1665 nuisse3
333 1603 405 1650 non
423 1576 452 1649 is
471 1579 595 1665 modo,
622 1575 685 1675 qui
709 1598 846 1649 creatus
869 1597 953 1664 erat,
974 1573 1028 1649 vir
1049 1577 1155 1652 nullis

167 1719 249 1772 ante
276 1697 473 1773 honoribus
502 1695 598 1785 usus,
633 1718 734 1770 vetus
765 1717 905 1770 tantum
932 1694 1078 1785 senator,
1120 1703 1154 1772 dt

169 1841 281 1894 aetate
290 1820 366 1915 jam
387 1819 511 1918 gravis.
562 1821 641 1892 Nec
659 1817 737 1890 satis
754 1817 900 1904 constat,
935 1843 999 1891 cur
1018 1817 1155 1916 primus

170 1965 211 2014 ac
238 1938 433 2038 potiffimus
450 1941 496 2012 ad
517 1965 652 2011 novum
672 1935 906 2012 delibandum
923 1939 1096 2011 honorem
1116 1942 1155 2012 fit

171 2058 326 2134 habitus.
377 2057 452 2132 Alii
478 2061 547 2133 Cn.
568 2056 726 2132 Cornelii
743 2058 870 2146 fratris,
901 2057 966 2155 qui
990 2057 1155 2133 tribunus

172 2179 333 2253 militurn
356 2178 472 2276 priore
499 2205 593 2253 anno
616 2177 741 2266 fuerat,
765 2177 967 2276 triplexque
984 2175 1154 2274 stipendi-

169 2326 235 2373 um
262 2298 446 2397 cquitibus
469 2299 626 2388 dederat,
653 2297 763 2398 gratia
787 2301 986 2373 extractum
1011 2299 1057 2371 ad
1080 2320 1156 2372 tan·

172 2441 251 2494 tum
285 2421 456 2492 honorem
487 2422 649 2494 credunt.
701 2419 776 2493 Alii
808 2418 1005 2493 orationem
1038 2418 1156 2517 ipsum

170 2538 415 2637 tempestivam
455 2541 500 2614 de
540 2541 733 2614 concordia
762 2540 946 2627 ordinum,
990 2539 1156 2614 Patribus

172 2660 341 2759 plebique
369 2681 516 2758 gratam,
544 2661 713 2736 habuiffe.
763 2664 846 2736 Hac
872 2659 1019 2735 vidoria
1044 2659 1156 2733 comi-

173 2778 306 2854 tiorum
328 2779 538 2854 exsultantes
556 2780 693 2856 tribuni
721 2780 847 2880 plebis,
879 2781 980 2880 quod
999 2777 1156 2853 maxime

171 2901 429 2998 rempublicam
453 2900 672 2998 inpediebat,
713 2904 757 2975 de
781 2902 916 2976 tributo
938 2899 1156 2974 remisemnt.

173 3023 367 3096 Conlatum
390 3022 610 3111 obedienter,
643 3021 858 3121 missumque
885 3023 931 3096 ad
958 3021 1156 3096 exercitum

172 3142 232 3215 est.

221 3265 324 3337 XIII.
351 3269 482 3338 Anxur
509 3263 546 3336 in
575 3263 709 3338 Volscis
739 3262 838 3339 brevi
876 3283 1059 3362 receptum
1092 3263 1154 3351 est,

172 3383 340 3482 neglestis
358 3381 417 3457 die
432 3383 519 3458 festo
537 3385 705 3459 custodiis
722 3384 831 3460 urbis.
881 3384 1028 3484 Insignis
1044 3409 1157 3458 annus

172 3501 290 3576 hieme
308 3503 427 3602 gelida
442 3531 481 3578 ac
498 3504 617 3579 nivosa
633 3505 715 3592 suit,
748 3507 839 3580 adeo
860 3525 903 3578 ut
918 3504 995 3579 viae
1009 3503 1156 3592 clausae,

171 3623 315 3699 Tiberis
349 3623 595 3724 innavigabilis
628 3624 746 3699 fuerit.
796 3631 954 3700 Annona
986 3651 1031 3698 ex
1060 3647 1156 3697 ante-

171 3745 343 3816 convetta
367 3743 469 3842 copia
496 3743 585 3818 nihil
612 3746 775 3820 mutavit.
827 3750 874 3820 Et
896 3744 982 3845 quia
998 3747 1039 3819 P.
1058 3743 1156 3818 Lici-

174 3861 267 3952 nius,
294 3884 337 3937 ut
363 3887 502 3962 ceperat
529 3867 626 3939 haud
653 3863 871 3942 tumultuose
899 3865 1157 3967 magistratum,

173 3985 303 4082 majore
338 3985 471 4084 gaudio
503 3985 628 4084 plebis,
667 4013 777 4086 quam
812 3986 1059 4088 indignatione
1091 3990 1158 4061 Pa·

174 4125 282 4194 tmm,
314 4105 364 4180 ita
387 4105 493 4181 etiam
521 4109 618 4208 gessit
624 4139 636 4195 3
670 4108 827 4184 dulcedo
851 4106 971 4184 invasit
985 4108 1158 4208 proximis
