3067 5342
362 677 407 774 38
694 675 1009 750 T.Lrvrr

358 847 434 944 jam
445 845 614 920 omnibus
632 848 677 920 ad
695 845 733 920 id
748 847 884 921 bellum
901 843 1042 944 paratis,
1076 844 1182 918 ludos
1201 871 1351 944 magnos

364 995 409 1042 ex
427 965 722 1042 senatusconsulto
737 966 837 1040 vovit
853 965 949 1062 Vejis
972 963 1084 1064 captis
1099 963 1132 1038 se
1149 964 1328 1040 fadturum
1338 1001 1350 1056 ς

365 1089 563 1186 aedemque
581 1090 743 1161 Matutae
762 1085 883 1161 matris
899 1086 1064 1160 refedam
1085 1085 1353 1177 dedicaturum,

359 1211 435 1306 jam
455 1231 535 1281 ante
554 1211 599 1282 ab
613 1235 694 1306 rege
712 1211 783 1282 Ser.
798 1205 924 1280 Tullio
941 1206 1155 1280 dedicatam.
1206 1207 1353 1283 Profec-

366 1351 521 1403 tuscum
540 1326 696 1402 exercitu
717 1331 762 1402 ab
780 1331 868 1402 urbe
884 1326 1142 1426 exspectatione
1160 1325 1355 1404 hominum

367 1451 509 1546 majore,
545 1473 655 1544 quam
687 1447 758 1546 spe,
802 1447 840 1520 in
872 1475 958 1546 agro
988 1445 1147 1546 primum
1173 1449 1356 1546 Nepesino

367 1595 451 1644 cum
472 1567 614 1642 Faliscis
642 1567 934 1667 &Capenatibus
952 1571 1047 1668 signa
1063 1567 1211 1642 confert.
1261 1571 1354 1644 Om-

367 1690 427 1764 nia
457 1689 507 1764 ibi
535 1687 672 1763 summa
701 1689 834 1763 ratione
863 1689 1079 1787 consilioque
1108 1691 1185 1762 ada
1210 1688 1358 1764 fortuna

368 1812 489 1898 etiam,
524 1831 565 1883 ut
588 1811 640 1897 fit,
681 1809 799 1884 secuta
820 1809 881 1882 est.
932 1813 1020 1883 Non
1051 1809 1186 1908 proelio
1212 1830 1355 1884 tantum

370 1930 465 2006 fudit
490 1929 617 2016 hostes,
644 1929 703 2002 sed
730 1929 848 2003 castris
875 1955 1022 2029 quoque
1049 1928 1164 2018 exuit,
1198 1927 1354 2028 ingenti-

371 2076 442 2148 que
473 2051 601 2148 praeda
629 2051 679 2122 est
709 2049 862 2147 potitus3
893 2050 995 2146 cujus
1021 2075 1100 2148 pars
1128 2049 1287 2124 maxima
1307 2053 1357 2126 ad

370 2170 590 2267 quaestorem
607 2171 747 2242 redacta
775 2170 846 2243 est:
880 2171 980 2242 haud
995 2169 1044 2242 ita
1069 2172 1228 2244 multum
1248 2169 1358 2245 militi

372 2292 508 2364 datum.
560 2291 648 2362 Inde
665 2291 710 2362 ad
735 2291 840 2386 Vejos
855 2289 1030 2364 exercitus
1044 2292 1187 2379 ductus,
1220 2292 1357 2365 denfio·

373 2437 481 2508 raque
505 2409 643 2484 castella
659 2407 766 2496 faeta
800 2414 872 2483 &a
899 2408 1236 2508 procursationibus,
1262 2437 1358 2510 quae

374 2533 505 2604 multae
538 2552 666 2603 temere
698 2529 790 2604 inter
817 2555 963 2603 murum
984 2557 1026 2605 ac
1049 2533 1184 2604 vallum
1210 2532 1360 2620 fiebant,

373 2651 505 2738 edicto,
537 2677 580 2723 ne
608 2649 689 2748 quis
713 2649 841 2747 injussu
865 2674 1051 2750 pugnaret,
1078 2653 1126 2724 ad
1147 2677 1239 2750 opus
1262 2651 1359 2726 mili-

376 2793 426 2847 tes
451 2769 614 2846 tradudi.
665 2774 827 2871 Operum
844 2771 914 2844 fuit
936 2770 1101 2846 omnium
1120 2773 1226 2871 longe
1244 2773 1360 2847 maxi-

376 2918 478 2966 mum
513 2919 552 2965 ac
587 2891 901 2980 laboriosissimum,
944 2891 1135 2968 cuniculus
1169 2891 1208 2965 in
1240 2919 1361 2970 arcem

377 3013 533 3087 hostium
563 3011 620 3111 agi
648 3033 806 3111 coeptus.
856 3015 968 3113 Qtod
999 3040 1043 3086 ne
1070 3011 1361 3088 intermitteretur

377 3159 481 3232 opus,
514 3157 581 3206 neu
601 3131 665 3206 sub
680 3154 768 3206 terra
786 3132 978 3208 continuus
998 3136 1096 3208 labor
1112 3132 1256 3207 eosdem
1273 3160 1360 3209 con-

378 3257 510 3341 ficeret,
541 3251 577 3326 in
600 3274 712 3350 partes
735 3251 794 3326 sex
817 3253 1039 3328 munitorum
1057 3279 1249 3328 numerum
1267 3253 1360 3327 divi-

380 3377 435 3446 srt:
462 3359 561 3446 senae
579 3374 684 3445 horae
708 3371 745 3444 in
773 3376 898 3448 orbem
921 3373 1018 3472 operi
1046 3373 1246 3448 adtributae
1263 3373 1361 3449 sunt:

379 3497 483 3567 nodie
500 3519 539 3565 ac
567 3491 626 3564 die
653 3517 851 3592 numquam
868 3515 949 3568 ante
975 3493 1156 3580 omilium,
1187 3519 1299 3593 quarn
1323 3496 1363 3569 in

377 3640 494 3690 arcem
508 3613 604 3686 viam
621 3611 786 3687 facerent.

429 3737 514 3808 XX.
551 3733 724 3821 Dictator,
755 3759 871 3832 quum
890 3735 967 3830 jam
992 3735 1029 3809 in
1044 3735 1210 3810 manibus
1226 3734 1366 3811 videret

380 3854 565 3930 vidoriam
589 3857 668 3942 effe,
703 3857 831 3928 urbem
848 3854 1143 3953 opulentiffimam
1160 3857 1254 3956 capi,
1286 3879 1365 3932 tan.

381 3999 533 4074 rumque
562 3976 710 4074 praedae
734 3974 822 4062 fore,
846 3999 1023 4074 quantum
1044 4003 1118 4050 non
1134 3977 1306 4052 omnibus
1324 3977 1365 4053 in

381 4122 498 4170 unum
514 4094 662 4171 conlatis
685 4116 764 4170 ante
788 4094 889 4170 bellis
906 4094 1042 4185 fuiffet;
1072 4124 1117 4172 ne
1142 4124 1253 4196 quam
1279 4098 1366 4173 inde
