3067 5342
413 682 485 758 352
746 659 1062 732 T.Lrvrr

412 839 438 874 ‘⁴
455 855 544 919 rem,
573 857 649 931 quo
671 835 827 932 populus
850 837 1037 910 Romanus
1061 832 1183 908 scelere
1220 827 1308 928 inpio
1333 829 1364 898 lit

410 957 436 992 “
454 947 600 1039 solutus,
634 951 738 1028 hosce
775 953 937 1028 homines
974 953 1076 1030 vobis
1110 953 1235 1026 ded0.”
1279 947 1365 1022 Haec
1462 952 1463 990 ¹

408 1067 542 1144 dicenti
575 1069 691 1146 feciali
736 1072 941 1148 Postumius
974 1099 1068 1172 genu
1102 1071 1228 1158 femur,
1255 1087 1367 1168 quauta
1466 1176 1467 1222 1

408 1187 563 1264 maxime
589 1213 725 1289 poterat
754 1191 804 1280 vi,
833 1191 996 1292 perculit,
1034 1199 1068 1268 ὅτ
1095 1193 1186 1266 clara
1211 1215 1292 1264 voce
1316 1191 1366 1271 alt,
1467 1288 1469 1340 ⁴

409 1319 435 1352 “
449 1307 484 1384 se
505 1309 701 1386 Samnitem
720 1311 837 1386 civem
856 1315 937 1400 effe,
958 1311 1060 1387 illum
1079 1313 1256 1410 legatum3
1280 1305 1368 1380 fecia—
1469 1343 1470 1392 r

408 1431 525 1504 “lem
544 1428 610 1504 ase
633 1431 829 1528 contrajus
852 1431 1015 1530 gentium
1040 1431 1231 1516 violatum;
1255 1421 1368 1522 eujus·

409 1563 435 1596 “
452 1551 524 1626 tius
543 1552 679 1627 bellum
699 1551 891 1650 gesturos.”
1473 1566 1475 1651 χ

456 1673 523 1746 XI.
548 1673 650 1744 Tum
675 1669 839 1758 Pontius,
866 1681 890 1714 “
907 1673 987 1746 Nec
1016 1697 1084 1770 ego
1109 1671 1208 1746 istam
1237 1663 1369 1742 deditio
1475 1677 1477 1761 ζ

408 1803 434 1836 “
451 1817 536 1865 nem
561 1789 773 1888 accipiam,''
798 1789 930 1889 inquit,
957 1801 981 1834 “
1001 1817 1066 1866 nec
1083 1790 1254 1866 Samnites
1278 1807 1372 1862 ratam
1477 1788 1479 1874 ζ

408 1921 434 1955 “
452 1913 648 1986 habebunt.
698 1909 800 2012 Quin
818 1931 871 1999 tu,
888 1914 948 2008 Sp.
966 1911 1141 2000 Postumi,
1172 1907 1372 1986 srDeoselle
1479 1898 1481 1972 ἶ

408 2041 434 2074 “
449 2029 581 2119 censes,
609 2053 671 2108 aut
692 2029 814 2106 omnia
839 2028 932 2105 irrita
948 2029 1047 2118 facis,
1077 2053 1142 2106 aut
1171 2033 1271 2129 pallo
1294 2025 1369 2101 stas?

407 2149 600 2224 “Samniti
628 2151 763 2248 populo
790 2177 926 2239 omnes,
954 2177 1045 2250 quos
1073 2149 1112 2225 in
1140 2149 1300 2248 potestate
1321 2147 1371 2220 ha·
1484 2175 1486 2236 1

406 2279 432 2311 “
451 2267 544 2356 buit,
565 2292 627 2342 aut
655 2294 720 2366 pro
746 2269 797 2344 eis
826 2295 896 2368 pax
912 2271 1076 2346 debetur.
1124 2273 1198 2346 Sed
1212 2268 1297 2369 quid
1315 2289 1373 2364 ego

406 2397 432 2430 ‘⁸
451 2408 485 2461 re
501 2389 665 2486 adpell03
697 2389 763 2488 qui
791 2409 825 2464 te
855 2411 1002 2489 captum
1030 2388 1171 2480 victori,
1205 2413 1286 2464 cum
1313 2407 1375 2482 qua

404 2519 548 2605 “potes
589 2509 674 2597 fide,
711 2507 884 2584 restituis?
950 2511 1132 2608 Populum
1182 2513 1374 2584 Romanurn

408 2639 434 2672 “
452 2629 616 2727 adpello;
647 2653 757 2726 quem
791 2633 814 2703 sr
842 2627 1031 2728 sponsionis
1046 2630 1092 2703 ad
1110 2631 1279 2705 Furculas
1293 2627 1375 2700 Cau·

405 2758 431 2791 “
449 2747 551 2822 dinas
582 2746 692 2822 fame
725 2747 897 2846 poenitet,
928 2747 1083 2824 restituat
1114 2747 1272 2848 legiones
1297 2745 1376 2820 intra

406 2878 431 2912 “
449 2867 589 2957 saltum,
607 2895 682 2967 quo
699 2868 811 2968 septae
827 2867 982 2942 fuerunt.
1033 2871 1155 2944 Nemo
1168 2887 1376 2967 quemquam

406 2997 431 3030 “
449 2987 644 3084 deceperit:
684 2987 807 3062 omnia
836 3015 899 3087 pro
932 2986 1064 3062 inseclo
1095 2991 1176 3064 lint:
1221 2984 1376 3086 recipiant

406 3116 432 3150 “
449 3131 558 3194 arma,
589 3131 681 3204 quae
707 3133 770 3205 per
802 3105 1003 3204 pallionem
1027 3108 1262 3183 tradiderunt:
1289 3104 1376 3180 rede·

404 3237 429 3270 “
445 3250 506 3301 ant
523 3223 560 3300 in
577 3225 685 3301 castra
700 3224 772 3300 sua.
821 3225 1015 3327 Qridquid
1033 3225 1148 3324 pridie
1174 3229 1376 3309 habuerunt,

404 3356 429 3390 “
448 3371 558 3444 quam
592 3343 630 3418 in
663 3343 899 3443 conloquium
929 3343 979 3419 est
1024 3367 1186 3434 ventum,
1225 3349 1376 3421 habeant.

404 3467 549 3538 “Tum
578 3465 713 3538 bellum
742 3463 907 3538 &fortia
937 3463 1077 3540 consilia
1106 3467 1277 3563 placeant,
1299 3484 1377 3537 tunc

403 3593 429 3630 “
445 3583 627 3684 sponfio&
644 3609 714 3681 pax
730 3582 947 3681 repudietur.
999 3587 1053 3658 Ea
1078 3582 1233 3674 fortuna,
1263 3584 1304 3659 iis
1332 3583 1376 3653 lo·

403 3715 429 3748 “
449 3702 513 3793 cis,
530 3727 623 3801 quae
637 3723 718 3776 ante
735 3701 832 3800 pacis
849 3703 1069 3780 mentionem
1094 3704 1299 3792 habuimus,
1324 3726 1378 3800 ge·

403 3835 428 3868 “
446 3849 563 3898 ramus
588 3824 739 3897 bellum:
768 3849 835 3900 nec
865 3826 1018 3922 populus
1047 3827 1235 3900 Romanus
1261 3819 1378 3900 consu·

404 3945 523 4016 “lum
554 3941 788 4039 sponlionem,
814 3969 880 4018 nec
910 3969 974 4017 nos
1003 3945 1113 4018 fidem
1143 3943 1269 4042 populi
1306 3943 1377 4016 Ro·

403 4072 428 4108 “
446 4061 543 4138 mani
562 4061 778 4140 accusemus.
828 4065 1088 4161 Numquamne
1121 4067 1236 4142 caulla
1264 4061 1377 4148 defiet,
