3067 5342
394 713 463 790 170
715 691 1033 766 T.L1v11

387 877 412 910 ‘⁶
431 867 578 966 populo,
608 868 633 940 fi
658 891 744 941 cum
764 867 907 942 duobus
932 865 1086 966 patriciis
1109 889 1202 940 unus
1229 865 1371 964 petierit

387 996 413 1029 “
430 986 603 1084 plebejus,
614 986 785 1086 &legese,
797 1013 870 1060 non
881 986 1056 1088 suffragio,
1068 1008 1225 1063 creatum
1233 987 1370 1063 dicat?''

442 1109 545 1183 XLI.
580 1115 606 1150 “
624 1110 823 1208 Qromodo
837 1129 1083 1208 extorqueant,
1115 1133 1188 1182 non
1215 1133 1370 1206 quomo·

385 1230 479 1304 “do
505 1248 627 1328 petant
651 1230 815 1316 honores,
847 1250 1046 1327 quaerunt:
1078 1231 1113 1302 uz
1140 1228 1191 1303 ita
1212 1229 1372 1305 maxima

385 1359 412 1394 ‘⁴
429 1348 510 1426 sunt
525 1348 702 1448 adepturi,
731 1372 774 1424 ut
788 1347 878 1423 nihil
900 1376 945 1424 ne
962 1375 1026 1448 pro
1040 1347 1200 1424 minimis
1217 1351 1370 1449 quidem

384 1479 411 1514 “
428 1471 600 1558 debeant,
627 1475 662 1544 δι
678 1467 919 1546 occasionibus
935 1469 1066 1568 potius,
1094 1495 1205 1568 quam
1221 1469 1369 1561 virtute,

385 1601 411 1635 ‘⁴
429 1611 547 1688 petere
563 1592 715 1667 honores
731 1591 880 1664 malunt.
931 1588 994 1663 Est
1006 1589 1148 1686 aliquis,
1180 1591 1244 1690 qui
1263 1589 1296 1666 se
1315 1592 1372 1666 in-

386 1722 413 1757 “
429 1710 528 1810 spici,
558 1709 730 1785 aestimari
759 1709 912 1785 fastidiat
923 1741 935 1797 ;
979 1709 1044 1806 qui
1072 1731 1183 1785 certos
1208 1712 1270 1787 fibi
1304 1712 1373 1786 uni

386 1842 412 1876 “
431 1833 582 1908 honores
598 1831 689 1906 inter
714 1829 923 1906 dimicantes
940 1830 1189 1930 competitores
1210 1857 1374 1931 aequum

386 1961 412 1996 “
430 1949 568 2027 censeat
581 1951 668 2040 effe;
698 1948 811 2050 quise
830 1949 973 2026 arbitrio
988 1951 1102 2026 vestro
1116 1950 1267 2040 eximat,
1301 1952 1372 2050 qui

386 2083 411 2116 “
429 2071 541 2147 vestra
549 2070 735 2147 necessaria
750 2069 912 2171 suffragia
928 2097 992 2170 pro
1004 2071 1224 2160 voluntariis,
1247 2076 1282 2146 ὅτ
1300 2071 1372 2147 ser-

387 2202 412 2235 “
430 2217 474 2266 va
489 2217 554 2289 pro
573 2189 693 2265 liberis
717 2189 835 2266 saciat.
885 2190 1027 2266 Omitto
1043 2191 1232 2267 Licinium
1252 2190 1372 2268 Sexti-

385 2321 411 2354 “
428 2335 580 2408 umque,
607 2334 763 2409 quorum
790 2337 899 2386 annos
927 2311 964 2385 in
987 2333 1156 2411 perpetua
1183 2313 1371 2411 potestate,

386 2441 412 2474 ‘⁴
431 2451 616 2526 tamquam
632 2453 759 2528 regum
776 2429 814 2504 in
830 2430 1022 2530 Capitolio,
1049 2433 1257 2508 numeratis:
1284 2433 1371 2533 quis

386 2559 412 2593 “
430 2549 481 2624 est
496 2548 605 2624 hodie
623 2547 819 2626 incivitate
843 2571 915 2626 tam
932 2551 1090 2640 humilis,
1126 2551 1185 2627 cui
1209 2579 1281 2628 non
1308 2553 1371 2628 via

385 2679 411 2713 “
428 2671 476 2745 ad
497 2668 721 2746 consulatum
743 2669 881 2746 facilior
899 2697 961 2770 per
981 2670 1079 2746 istius
1103 2672 1192 2772 legis
1216 2677 1368 2750 occalio-

384 2802 410 2837 ‘⁶
429 2818 526 2881 nem,
554 2817 666 2891 quam
698 2789 803 2867 nobis
832 2817 872 2866 ac
905 2791 1025 2866 liberis
1052 2791 1189 2880 nostris,
1218 2796 1300 2867 fiat?
1341 2797 1367 2867 sr

385 2924 410 2959 “
429 2913 581 3013 quidem
600 2939 679 3000 nos,
708 2937 754 2986 ne
767 2936 883 3009 quum
899 2911 1080 2986 volueritis
1093 2911 1256 3011 quidem,
1291 2938 1367 2987 cre-

385 3045 411 3078 “
429 3061 486 3108 are
503 3032 685 3108 interdum
709 3031 891 3131 poteritis3
921 3031 1017 3120 istos,
1049 3031 1156 3108 etiam
1171 3035 1195 3106 fi
1212 3031 1366 3106 nolueri-

384 3166 410 3201 “
428 3155 486 3242 tis,
507 3156 641 3229 necesse
656 3155 705 3228 lit.
756 3153 814 3227 De
828 3151 1037 3251 indignitate
1048 3151 1125 3226 satis
1142 3151 1281 3227 dietum
1295 3153 1378 3238 esta

384 3287 409 3320 “
431 3272 580 3372 (etenim
596 3271 752 3372 dignitas
767 3273 814 3346 ad
829 3271 991 3347 homines
1008 3273 1174 3372 pertinet)
1208 3272 1300 3371 quid
1317 3275 1364 3348 de

384 3405 409 3440 “
428 3391 661 3492 religionibus
677 3413 784 3490 atque
801 3391 978 3488 auspiciis,
1009 3419 1100 3490 quae
1117 3393 1256 3491 propria
1267 3397 1364 3470 Deo-

383 3525 409 3558 “
427 3539 508 3587 rum
535 3511 779 3586 inmortalium
802 3511 998 3586 contemtio
1020 3535 1126 3611 atque
1156 3512 1284 3610 injuria
1299 3515 1363 3604 est,

383 3644 408 3678 “
426 3633 573 3731 loquar?
624 3629 804 3728 Auspiciis
820 3634 911 3708 hanc
934 3635 1063 3708 urbem
1082 3633 1265 3709 conditam
1283 3636 1363 3724 else,

382 3765 408 3799 “
426 3750 590 3852 auspiciis
604 3753 698 3826 bello
714 3777 756 3826 ac
773 3777 872 3851 pace,
906 3753 1007 3828 domi
1031 3753 1264 3853 militiaeque,
1285 3779 1364 3828 om-

383 3886 407 3920 “
426 3873 487 3949 nia
511 3871 599 3973 geri,
622 3871 704 3971 quis
729 3872 793 3961 est,
828 3872 890 3971 qui
919 3872 1085 3973 ignoret?
1136 3878 1248 3949 Penes
1271 3900 1364 3973 quos

382 3992 535 4096 “igitur
561 3991 642 4068 sunt
664 3991 818 4092 auspicia
851 4018 948 4068 more
978 3995 1175 4092 majorum?
1219 4019 1363 4093 nempe,

381 4127 407 4160 “
425 4140 532 4213 penes
551 4116 680 4190 Patres.
730 4115 829 4188 Nam
844 4114 1003 4214 plebejus
1020 4114 1170 4216 quidem
1184 4114 1363 4216 magistra·
