<?xml version="1.0" encoding="UTF-8"?>
<!DOCTYPE html PUBLIC "-//W3C//DTD XHTML 1.0 Transitional//EN"
    "http://www.w3.org/TR/xhtml1/DTD/xhtml1-transitional.dtd">
<html xmlns="http://www.w3.org/1999/xhtml" xml:lang="en" lang="en">
 <head>
  <title>
</title>
<meta http-equiv="Content-Type" content="text/html;charset=utf-8" />
  <meta name='ocr-system' content='tesseract 3.04.00' />
  <meta name='ocr-capabilities' content='ocr_page ocr_carea ocr_par ocr_line ocrx_word'/>
</head>
<body>
  <div class='ocr_page' id='page_1' title='image "./tliviipatavinih00homegoog_0283.png"; bbox 0 0 3067 5342; ppageno 0'>
   <div class='ocr_carea' id='block_1_1' title="bbox 426 709 1125 808">
    <p class='ocr_par' dir='ltr' id='par_1_1' title="bbox 426 709 1125 808">
     <span class='ocr_line' id='line_1_1' title="bbox 426 709 1125 808; baseline -0.003 -25"><span class='ocrx_word' id='word_1_1' title='bbox 426 710 463 783; x_wconf 92' lang='lat' dir='ltr'>L</span> <span class='ocrx_word' id='word_1_2' title='bbox 488 733 503 780; x_wconf 93' lang='lat'>1</span> <span class='ocrx_word' id='word_1_3' title='bbox 533 733 552 782; x_wconf 78' lang='lat' dir='ltr'>a</span> <span class='ocrx_word' id='word_1_4' title='bbox 582 731 656 783; x_wconf 80' lang='lat' dir='ltr'>nn</span> <span class='ocrx_word' id='word_1_5' title='bbox 707 709 806 782; x_wconf 88' lang='lat' dir='ltr'><strong>VIII.</strong></span> <span class='ocrx_word' id='word_1_6' title='bbox 1055 727 1125 808; x_wconf 77' lang='lat'>275</span> 
     </span>
    </p>
   </div>
   <div class='ocr_carea' id='block_1_2' title="bbox 133 878 1154 4220">
    <p class='ocr_par' dir='ltr' id='par_1_2' title="bbox 137 878 1119 1223">
     <span class='ocr_line' id='line_1_2' title="bbox 139 878 1119 982; baseline -0.005 -22"><span class='ocrx_word' id='word_1_7' title='bbox 139 885 229 960; x_wconf 89' lang='lat' dir='ltr'>vires</span> <span class='ocrx_word' id='word_1_8' title='bbox 242 881 382 962; x_wconf 84' lang='lat' dir='ltr'>hastatis</span> <span class='ocrx_word' id='word_1_9' title='bbox 397 907 438 958; x_wconf 87' lang='lat' dir='ltr'>ac</span> <span class='ocrx_word' id='word_1_10' title='bbox 457 881 693 982; x_wconf 84' lang='lat' dir='ltr'>principibus:</span> <span class='ocrx_word' id='word_1_11' title='bbox 721 887 754 955; x_wconf 73' lang='lat' dir='ltr'>st</span> <span class='ocrx_word' id='word_1_12' title='bbox 772 878 893 969; x_wconf 85' lang='lat' dir='ltr'>triarii,</span> <span class='ocrx_word' id='word_1_13' title='bbox 920 905 1014 980; x_wconf 85' lang='lat' dir='ltr'>genu</span> <span class='ocrx_word' id='word_1_14' title='bbox 1032 883 1119 955; x_wconf 89' lang='lat' dir='ltr'>dex·</span> 
     </span>
     <span class='ocr_line' id='line_1_3' title="bbox 138 1000 1118 1100; baseline -0.004 -20"><span class='ocrx_word' id='word_1_15' title='bbox 138 1029 194 1080; x_wconf 88' lang='lat' dir='ltr'>tro</span> <span class='ocrx_word' id='word_1_16' title='bbox 215 1003 329 1092; x_wconf 76' lang='lat' dir='ltr'>innisi,</span> <span class='ocrx_word' id='word_1_17' title='bbox 354 1023 483 1078; x_wconf 92' lang='lat' dir='ltr'>nutum</span> <span class='ocrx_word' id='word_1_18' title='bbox 506 1000 658 1079; x_wconf 87' lang='lat' dir='ltr'>consulis</span> <span class='ocrx_word' id='word_1_19' title='bbox 677 1004 723 1076; x_wconf 85' lang='lat' dir='ltr'>ad</span> <span class='ocrx_word' id='word_1_20' title='bbox 745 1000 1031 1100; x_wconf 88' lang='lat' dir='ltr'>consurgendum</span> <span class='ocrx_word' id='word_1_21' title='bbox 1056 1027 1118 1076; x_wconf 84' lang='lat' dir='ltr'>ex-</span> 
     </span>
     <span class='ocr_line' id='line_1_4' title="bbox 137 1123 350 1223; baseline -0.009 -24"><span class='ocrx_word' id='word_1_22' title='bbox 137 1123 350 1223; x_wconf 69' lang='lat' dir='ltr'>spedtabmt.</span> 
     </span>
    </p>

    <p class='ocr_par' dir='ltr' id='par_1_3' title="bbox 133 1241 1154 4220">
     <span class='ocr_line' id='line_1_5' title="bbox 188 1241 1118 1340; baseline -0.004 -20"><span class='ocrx_word' id='word_1_23' title='bbox 188 1247 236 1320; x_wconf 87' lang='lat' dir='ltr'>X.</span> <span class='ocrx_word' id='word_1_24' title='bbox 268 1245 485 1318; x_wconf 84' lang='lat' dir='ltr'>Procedente</span> <span class='ocrx_word' id='word_1_25' title='bbox 511 1242 642 1318; x_wconf 91' lang='lat' dir='ltr'>deinde</span> <span class='ocrx_word' id='word_1_26' title='bbox 668 1243 871 1331; x_wconf 76' lang='lat' dir='ltr'>certamine,</span> <span class='ocrx_word' id='word_1_27' title='bbox 902 1265 1018 1340; x_wconf 90' lang='lat' dir='ltr'>quum</span> <span class='ocrx_word' id='word_1_28' title='bbox 1042 1241 1118 1316; x_wconf 85' lang='lat' dir='ltr'>aliis</span> 
     </span>
     <span class='ocr_line' id='line_1_6' title="bbox 139 1361 1118 1463; baseline -0.002 -26"><span class='ocrx_word' id='word_1_29' title='bbox 139 1363 297 1463; x_wconf 81' lang='lat' dir='ltr'>partibus</span> <span class='ocrx_word' id='word_1_30' title='bbox 322 1361 519 1438; x_wconf 89' lang='lat' dir='ltr'>multitudo</span> <span class='ocrx_word' id='word_1_31' title='bbox 535 1362 707 1462; x_wconf 88' lang='lat' dir='ltr'>superaret</span> <span class='ocrx_word' id='word_1_32' title='bbox 723 1363 950 1450; x_wconf 86' lang='lat' dir='ltr'>Latinorum,</span> <span class='ocrx_word' id='word_1_33' title='bbox 984 1362 1118 1436; x_wconf 87' lang='lat' dir='ltr'>Manli-</span> 
     </span>
     <span class='ocr_line' id='line_1_7' title="bbox 138 1481 1117 1583; baseline 0.002 -27"><span class='ocrx_word' id='word_1_34' title='bbox 138 1509 182 1557; x_wconf 89' lang='lat' dir='ltr'>us</span> <span class='ocrx_word' id='word_1_35' title='bbox 216 1481 350 1571; x_wconf 89' lang='lat' dir='ltr'>consul,</span> <span class='ocrx_word' id='word_1_36' title='bbox 390 1482 514 1558; x_wconf 86' lang='lat' dir='ltr'>audito</span> <span class='ocrx_word' id='word_1_37' title='bbox 546 1505 673 1558; x_wconf 85' lang='lat' dir='ltr'>eventu</span> <span class='ocrx_word' id='word_1_38' title='bbox 712 1485 880 1582; x_wconf 76' lang='lat' dir='ltr'>collegae,</span> <span class='ocrx_word' id='word_1_39' title='bbox 912 1510 1041 1583; x_wconf 89' lang='lat' dir='ltr'>quum,</span> <span class='ocrx_word' id='word_1_40' title='bbox 1074 1506 1117 1558; x_wconf 93' lang='lat' dir='ltr'>ut</span> 
     </span>
     <span class='ocr_line' id='line_1_8' title="bbox 133 1600 1116 1703; baseline 0.002 -27"><span class='ocrx_word' id='word_1_41' title='bbox 133 1605 194 1700; x_wconf 88' lang='lat' dir='ltr'>jus</span> <span class='ocrx_word' id='word_1_42' title='bbox 208 1600 328 1700; x_wconf 86' lang='lat' dir='ltr'>fasque</span> <span class='ocrx_word' id='word_1_43' title='bbox 352 1624 437 1692; x_wconf 86' lang='lat' dir='ltr'>erat,</span> <span class='ocrx_word' id='word_1_44' title='bbox 464 1603 613 1679; x_wconf 84' lang='lat' dir='ltr'><strong>lacrimis</strong></span> <span class='ocrx_word' id='word_1_45' title='bbox 638 1629 710 1678; x_wconf 92' lang='lat' dir='ltr'>non</span> <span class='ocrx_word' id='word_1_46' title='bbox 725 1603 844 1679; x_wconf 86' lang='lat' dir='ltr'>minus</span> <span class='ocrx_word' id='word_1_47' title='bbox 866 1631 976 1703; x_wconf 88' lang='lat' dir='ltr'>quam</span> <span class='ocrx_word' id='word_1_48' title='bbox 1002 1605 1116 1678; x_wconf 89' lang='lat' dir='ltr'>laudi-</span> 
     </span>
     <span class='ocr_line' id='line_1_9' title="bbox 141 1723 1116 1820; baseline 0.002 -22"><span class='ocrx_word' id='word_1_49' title='bbox 141 1728 209 1799; x_wconf 87' lang='lat' dir='ltr'>bus</span> <span class='ocrx_word' id='word_1_50' title='bbox 225 1723 354 1799; x_wconf 86' lang='lat' dir='ltr'>debitis</span> <span class='ocrx_word' id='word_1_51' title='bbox 370 1723 574 1820; x_wconf 89' lang='lat' dir='ltr'>prosecutus</span> <span class='ocrx_word' id='word_1_52' title='bbox 592 1746 665 1799; x_wconf 90' lang='lat' dir='ltr'>tarn</span> <span class='ocrx_word' id='word_1_53' title='bbox 680 1723 947 1798; x_wconf 88' lang='lat' dir='ltr'>memorabilem</span> <span class='ocrx_word' id='word_1_54' title='bbox 964 1747 1116 1800; x_wconf 89' lang='lat' dir='ltr'>mortem</span> 
     </span>
     <span class='ocr_line' id='line_1_10' title="bbox 140 1842 1116 1943; baseline 0.001 -25"><span class='ocrx_word' id='word_1_55' title='bbox 140 1845 239 1918; x_wconf 83' lang='lat' dir='ltr'>ellet:</span> <span class='ocrx_word' id='word_1_56' title='bbox 267 1842 455 1943; x_wconf 85' lang='lat' dir='ltr'>paullisper</span> <span class='ocrx_word' id='word_1_57' title='bbox 470 1843 705 1932; x_wconf 85' lang='lat' dir='ltr'>addubitavit,</span> <span class='ocrx_word' id='word_1_58' title='bbox 733 1870 778 1917; x_wconf 85' lang='lat' dir='ltr'>an</span> <span class='ocrx_word' id='word_1_59' title='bbox 794 1843 1028 1943; x_wconf 83' lang='lat' dir='ltr'>consurgendi</span> <span class='ocrx_word' id='word_1_60' title='bbox 1039 1847 1116 1942; x_wconf 88' lang='lat' dir='ltr'>jam</span> 
     </span>
     <span class='ocr_line' id='line_1_11' title="bbox 141 1964 1114 2062; baseline 0.002 -24"><span class='ocrx_word' id='word_1_61' title='bbox 141 1965 266 2041; x_wconf 87' lang='lat' dir='ltr'>triariis</span> <span class='ocrx_word' id='word_1_62' title='bbox 289 1987 427 2062; x_wconf 91' lang='lat' dir='ltr'>tempus</span> <span class='ocrx_word' id='word_1_63' title='bbox 450 1966 547 2040; x_wconf 81' lang='lat' dir='ltr'>effer:</span> <span class='ocrx_word' id='word_1_64' title='bbox 579 1964 722 2053; x_wconf 90' lang='lat' dir='ltr'>deinde,</span> <span class='ocrx_word' id='word_1_65' title='bbox 749 1964 877 2038; x_wconf 89' lang='lat' dir='ltr'>melius</span> <span class='ocrx_word' id='word_1_66' title='bbox 903 1987 996 2040; x_wconf 87' lang='lat' dir='ltr'>ratus</span> <span class='ocrx_word' id='word_1_67' title='bbox 1025 1966 1114 2040; x_wconf 91' lang='lat' dir='ltr'>inte·</span> 
     </span>
     <span class='ocr_line' id='line_1_12' title="bbox 139 2083 1115 2184; baseline 0.003 -25"><span class='ocrx_word' id='word_1_68' title='bbox 139 2109 220 2184; x_wconf 86' lang='lat' dir='ltr'>gros</span> <span class='ocrx_word' id='word_1_69' title='bbox 236 2112 295 2159; x_wconf 91' lang='lat' dir='ltr'>eos</span> <span class='ocrx_word' id='word_1_70' title='bbox 317 2087 362 2158; x_wconf 87' lang='lat' dir='ltr'>ad</span> <span class='ocrx_word' id='word_1_71' title='bbox 390 2084 560 2158; x_wconf 91' lang='lat' dir='ltr'>ultimum</span> <span class='ocrx_word' id='word_1_72' title='bbox 579 2084 766 2159; x_wconf 86' lang='lat' dir='ltr'>discrimen</span> <span class='ocrx_word' id='word_1_73' title='bbox 783 2083 918 2172; x_wconf 85' lang='lat' dir='ltr'>servari,</span> <span class='ocrx_word' id='word_1_74' title='bbox 949 2087 1115 2162; x_wconf 87' lang='lat' dir='ltr'>adcensos</span> 
     </span>
     <span class='ocr_line' id='line_1_13' title="bbox 141 2203 1115 2303; baseline 0 -22"><span class='ocrx_word' id='word_1_75' title='bbox 141 2209 187 2280; x_wconf 87' lang='lat' dir='ltr'>ab</span> <span class='ocrx_word' id='word_1_76' title='bbox 221 2203 402 2294; x_wconf 81' lang='lat' dir='ltr'>novilIuna</span> <span class='ocrx_word' id='word_1_77' title='bbox 430 2203 504 2278; x_wconf 89' lang='lat' dir='ltr'>acie</span> <span class='ocrx_word' id='word_1_78' title='bbox 537 2225 616 2278; x_wconf 86' lang='lat' dir='ltr'>ante</span> <span class='ocrx_word' id='word_1_79' title='bbox 654 2207 747 2303; x_wconf 73' lang='lat' dir='ltr'>signa</span> <span class='ocrx_word' id='word_1_80' title='bbox 779 2204 968 2302; x_wconf 85' lang='lat' dir='ltr'>procedere</span> <span class='ocrx_word' id='word_1_81' title='bbox 1001 2206 1115 2303; x_wconf 90' lang='lat' dir='ltr'>jubet.</span> 
     </span>
     <span class='ocr_line' id='line_1_14' title="bbox 141 2322 1116 2428; baseline 0.001 -29"><span class='ocrx_word' id='word_1_82' title='bbox 141 2325 218 2428; x_wconf 77' lang='lat' dir='ltr'>Qii</span> <span class='ocrx_word' id='word_1_83' title='bbox 250 2323 317 2400; x_wconf 92' lang='lat' dir='ltr'>ubi</span> <span class='ocrx_word' id='word_1_84' title='bbox 350 2322 498 2412; x_wconf 91' lang='lat' dir='ltr'>subiere,</span> <span class='ocrx_word' id='word_1_85' title='bbox 538 2326 718 2423; x_wconf 88' lang='lat' dir='ltr'>externplo</span> <span class='ocrx_word' id='word_1_86' title='bbox 736 2323 887 2412; x_wconf 74' lang='lat' dir='ltr'>Latini,</span> <span class='ocrx_word' id='word_1_87' title='bbox 933 2347 1116 2425; x_wconf 81' lang='lat' dir='ltr'>tamquam</span> 
     </span>
     <span class='ocr_line' id='line_1_15' title="bbox 143 2435 1117 2530; baseline 0 -10"><span class='ocrx_word' id='word_1_88' title='bbox 143 2446 240 2520; x_wconf 89' lang='lat' dir='ltr'>idern</span> <span class='ocrx_word' id='word_1_89' title='bbox 266 2443 448 2518; x_wconf 86' lang='lat' dir='ltr'>adversarii</span> <span class='ocrx_word' id='word_1_90' title='bbox 475 2441 643 2530; x_wconf 86' lang='lat' dir='ltr'>fecilsent,</span> <span class='ocrx_word' id='word_1_91' title='bbox 663 2435 809 2518; x_wconf 64' lang='lat' dir='ltr'>&#39;triarios</span> <span class='ocrx_word' id='word_1_92' title='bbox 838 2442 915 2518; x_wconf 88' lang='lat' dir='ltr'>suos</span> <span class='ocrx_word' id='word_1_93' title='bbox 944 2445 1117 2521; x_wconf 83' lang='lat' dir='ltr'>excitave-</span> 
     </span>
     <span class='ocr_line' id='line_1_16' title="bbox 142 2562 1119 2664; baseline 0 -25"><span class='ocrx_word' id='word_1_94' title='bbox 142 2587 242 2640; x_wconf 78' lang='lat' dir='ltr'>runt:</span> <span class='ocrx_word' id='word_1_95' title='bbox 275 2565 339 2664; x_wconf 93' lang='lat' dir='ltr'>qui</span> <span class='ocrx_word' id='word_1_96' title='bbox 360 2562 582 2660; x_wconf 81' lang='lat' dir='ltr'>aliquamdiu</span> <span class='ocrx_word' id='word_1_97' title='bbox 609 2589 730 2662; x_wconf 86' lang='lat' dir='ltr'>pugna</span> <span class='ocrx_word' id='word_1_98' title='bbox 754 2563 864 2637; x_wconf 87' lang='lat' dir='ltr'>atroci</span> <span class='ocrx_word' id='word_1_99' title='bbox 887 2591 1001 2663; x_wconf 91' lang='lat' dir='ltr'>quum</span> <span class='ocrx_word' id='word_1_100' title='bbox 1018 2570 1052 2638; x_wconf 76' lang='grc' dir='ltr'>δι</span> <span class='ocrx_word' id='word_1_101' title='bbox 1069 2564 1119 2639; x_wconf 90' lang='lat' dir='ltr'>se·</span> 
     </span>
     <span class='ocr_line' id='line_1_17' title="bbox 143 2683 1150 2782; baseline -0.004 -22"><span class='ocrx_word' id='word_1_102' title='bbox 143 2683 305 2782; x_wconf 77' lang='lat' dir='ltr'>metipsi</span> <span class='ocrx_word' id='word_1_103' title='bbox 322 2683 530 2782; x_wconf 80' lang='lat' dir='ltr'>fatigallent‚</span> <span class='ocrx_word' id='word_1_104' title='bbox 565 2687 598 2756; x_wconf 75' lang='grc' dir='ltr'>δι</span> <span class='ocrx_word' id='word_1_105' title='bbox 625 2683 735 2757; x_wconf 87' lang='lat' dir='ltr'>hastas</span> <span class='ocrx_word' id='word_1_106' title='bbox 761 2704 823 2756; x_wconf 89' lang='lat' dir='ltr'>aut</span> <span class='ocrx_word' id='word_1_107' title='bbox 846 2683 1118 2782; x_wconf 85' lang='lat' dir='ltr'>praefregiffent,</span> <span class='ocrx_word' id='word_1_108' title='bbox 1147 2751 1150 2756; x_wconf 88' lang='lat'>.</span> 
     </span>
     <span class='ocr_line' id='line_1_18' title="bbox 142 2801 1118 2901; baseline -0.001 -22"><span class='ocrx_word' id='word_1_109' title='bbox 142 2825 204 2879; x_wconf 86' lang='lat' dir='ltr'>aut</span> <span class='ocrx_word' id='word_1_110' title='bbox 222 2806 446 2891; x_wconf 86' lang='lat' dir='ltr'>hebetaffent‚</span> <span class='ocrx_word' id='word_1_111' title='bbox 478 2805 646 2901; x_wconf 89' lang='lat' dir='ltr'>pellerent</span> <span class='ocrx_word' id='word_1_112' title='bbox 667 2801 703 2874; x_wconf 91' lang='lat' dir='ltr'>vi</span> <span class='ocrx_word' id='word_1_113' title='bbox 730 2823 848 2876; x_wconf 86' lang='lat' dir='ltr'>tamen</span> <span class='ocrx_word' id='word_1_114' title='bbox 876 2803 1026 2890; x_wconf 89' lang='lat' dir='ltr'>hostem,</span> <span class='ocrx_word' id='word_1_115' title='bbox 1057 2805 1118 2878; x_wconf 93' lang='lat' dir='ltr'>de·</span> 
     </span>
     <span class='ocr_line' id='line_1_19' title="bbox 143 2923 1117 3020; baseline -0.001 -22"><span class='ocrx_word' id='word_1_116' title='bbox 143 2925 313 3000; x_wconf 86' lang='lat' dir='ltr'>bellatum</span> <span class='ocrx_word' id='word_1_117' title='bbox 333 2925 408 3020; x_wconf 88' lang='lat' dir='ltr'>jam</span> <span class='ocrx_word' id='word_1_118' title='bbox 431 2923 508 3010; x_wconf 87' lang='lat' dir='ltr'>rati,</span> <span class='ocrx_word' id='word_1_119' title='bbox 545 2944 827 3020; x_wconf 90' lang='lat' dir='ltr'>perventumque</span> <span class='ocrx_word' id='word_1_120' title='bbox 856 2923 903 2994; x_wconf 85' lang='lat' dir='ltr'>ad</span> <span class='ocrx_word' id='word_1_121' title='bbox 924 2944 1117 2996; x_wconf 86' lang='lat' dir='ltr'>extremam</span> 
     </span>
     <span class='ocr_line' id='line_1_20' title="bbox 142 3039 1154 3141; baseline -0.001 -22"><span class='ocrx_word' id='word_1_122' title='bbox 142 3043 256 3120; x_wconf 85' lang='lat' dir='ltr'>aciem</span> <span class='ocrx_word' id='word_1_123' title='bbox 263 3077 275 3131; x_wconf 88' lang='lat'>;</span> <span class='ocrx_word' id='word_1_124' title='bbox 307 3065 385 3118; x_wconf 90' lang='lat' dir='ltr'>tum</span> <span class='ocrx_word' id='word_1_125' title='bbox 402 3041 523 3140; x_wconf 82' lang='lat' dir='ltr'>consul</span> <span class='ocrx_word' id='word_1_126' title='bbox 542 3040 680 3131; x_wconf 87' lang='lat' dir='ltr'>triariis,</span> <span class='ocrx_word' id='word_1_127' title='bbox 713 3052 738 3085; x_wconf 75' lang='lat'>‘⁴</span> <span class='ocrx_word' id='word_1_128' title='bbox 756 3039 966 3141; x_wconf 86' lang='lat' dir='ltr'>Consurgite</span> <span class='ocrx_word' id='word_1_129' title='bbox 983 3046 1117 3131; x_wconf 87' lang='lat' dir='ltr'>nunc,&#39;’</span> <span class='ocrx_word' id='word_1_130' title='bbox 1151 3111 1154 3118; x_wconf 93' lang='lat'>.</span> 
     </span>
     <span class='ocr_line' id='line_1_21' title="bbox 144 3160 1118 3263; baseline -0.001 -25"><span class='ocrx_word' id='word_1_131' title='bbox 144 3164 277 3262; x_wconf 91' lang='lat' dir='ltr'>inquit,</span> <span class='ocrx_word' id='word_1_132' title='bbox 320 3176 346 3208; x_wconf 92' lang='lat'><strong>“</strong></span> <span class='ocrx_word' id='word_1_133' title='bbox 375 3161 501 3263; x_wconf 86' lang='lat' dir='ltr'>integri</span> <span class='ocrx_word' id='word_1_134' title='bbox 527 3161 689 3237; x_wconf 86' lang='lat' dir='ltr'>adversus</span> <span class='ocrx_word' id='word_1_135' title='bbox 721 3160 834 3250; x_wconf 84' lang='lat' dir='ltr'>seffos,</span> <span class='ocrx_word' id='word_1_136' title='bbox 863 3189 1036 3237; x_wconf 89' lang='lat' dir='ltr'>memores</span> <span class='ocrx_word' id='word_1_137' title='bbox 1059 3191 1118 3262; x_wconf 88' lang='lat' dir='ltr'>pa·</span> 
     </span>
     <span class='ocr_line' id='line_1_22' title="bbox 145 3281 1119 3383; baseline -0.001 -24"><span class='ocrx_word' id='word_1_138' title='bbox 145 3295 171 3329; x_wconf 90' lang='lat'><strong>“</strong></span> <span class='ocrx_word' id='word_1_139' title='bbox 189 3284 273 3358; x_wconf 87' lang='lat' dir='ltr'>triae</span> <span class='ocrx_word' id='word_1_140' title='bbox 297 3304 554 3383; x_wconf 83' lang='lat' dir='ltr'>parentumque</span> <span class='ocrx_word' id='word_1_141' title='bbox 577 3283 824 3382; x_wconf 81' lang='lat' dir='ltr'>&amp;conjugum</span> <span class='ocrx_word' id='word_1_142' title='bbox 845 3309 886 3356; x_wconf 88' lang='lat' dir='ltr'>ac</span> <span class='ocrx_word' id='word_1_143' title='bbox 902 3281 1119 3370; x_wconf 81' lang='lat' dir='ltr'>liberorum3</span> 
     </span>
     <span class='ocr_line' id='line_1_23' title="bbox 145 3402 1119 3502; baseline 0 -24"><span class='ocrx_word' id='word_1_144' title='bbox 145 3413 171 3448; x_wconf 91' lang='lat'><strong>“</strong></span> <span class='ocrx_word' id='word_1_145' title='bbox 190 3429 363 3478; x_wconf 90' lang='lat' dir='ltr'>memores</span> <span class='ocrx_word' id='word_1_146' title='bbox 380 3403 531 3478; x_wconf 90' lang='lat' dir='ltr'>consulis</span> <span class='ocrx_word' id='word_1_147' title='bbox 557 3429 621 3502; x_wconf 90' lang='lat' dir='ltr'>pro</span> <span class='ocrx_word' id='word_1_148' title='bbox 637 3403 747 3478; x_wconf 85' lang='lat' dir='ltr'>vestra</span> <span class='ocrx_word' id='word_1_149' title='bbox 762 3402 909 3478; x_wconf 69' lang='lat' dir='ltr'>vidioria</span> <span class='ocrx_word' id='word_1_150' title='bbox 931 3424 1044 3476; x_wconf 89' lang='lat' dir='ltr'>morte</span> <span class='ocrx_word' id='word_1_151' title='bbox 1060 3429 1119 3478; x_wconf 87' lang='lat' dir='ltr'>oc-</span> 
     </span>
     <span class='ocr_line' id='line_1_24' title="bbox 147 3522 1120 3599; baseline 0 -1"><span class='ocrx_word' id='word_1_152' title='bbox 147 3533 173 3568; x_wconf 90' lang='lat'><strong>“</strong></span> <span class='ocrx_word' id='word_1_153' title='bbox 191 3523 427 3598; x_wconf 56' lang='lat' dir='ltr'>enubentis?</span> <span class='ocrx_word' id='word_1_154' title='bbox 476 3523 555 3599; x_wconf 92' lang='lat' dir='ltr'>Ubi</span> <span class='ocrx_word' id='word_1_155' title='bbox 583 3523 689 3598; x_wconf 87' lang='lat' dir='ltr'>triarii</span> <span class='ocrx_word' id='word_1_156' title='bbox 713 3522 1005 3598; x_wconf 87' lang='lat' dir='ltr'>consurrexerunt</span> <span class='ocrx_word' id='word_1_157' title='bbox 1031 3522 1120 3598; x_wconf 90' lang='lat' dir='ltr'>inte-</span> 
     </span>
     <span class='ocr_line' id='line_1_25' title="bbox 145 3641 1120 3742; baseline 0 -25"><span class='ocrx_word' id='word_1_158' title='bbox 145 3641 214 3742; x_wconf 85' lang='lat' dir='ltr'>gri,</span> <span class='ocrx_word' id='word_1_159' title='bbox 242 3641 497 3742; x_wconf 85' lang='lat' dir='ltr'>refulgentibus</span> <span class='ocrx_word' id='word_1_160' title='bbox 510 3643 627 3730; x_wconf 87' lang='lat' dir='ltr'>armis,</span> <span class='ocrx_word' id='word_1_161' title='bbox 658 3670 750 3718; x_wconf 87' lang='lat' dir='ltr'>nova</span> <span class='ocrx_word' id='word_1_162' title='bbox 765 3669 811 3717; x_wconf 84' lang='lat' dir='ltr'>ex</span> <span class='ocrx_word' id='word_1_163' title='bbox 828 3641 1003 3740; x_wconf 87' lang='lat' dir='ltr'>inproviso</span> <span class='ocrx_word' id='word_1_164' title='bbox 1019 3669 1120 3718; x_wconf 87' lang='lat' dir='ltr'>exor-</span> 
     </span>
     <span class='ocr_line' id='line_1_26' title="bbox 146 3761 1119 3860; baseline -0.001 -23"><span class='ocrx_word' id='word_1_165' title='bbox 146 3785 181 3837; x_wconf 84' lang='lat' dir='ltr'>ta</span> <span class='ocrx_word' id='word_1_166' title='bbox 197 3761 301 3852; x_wconf 84' lang='lat' dir='ltr'>acies,</span> <span class='ocrx_word' id='word_1_167' title='bbox 333 3762 480 3860; x_wconf 86' lang='lat' dir='ltr'>receptis</span> <span class='ocrx_word' id='word_1_168' title='bbox 502 3761 540 3836; x_wconf 94' lang='lat' dir='ltr'>in</span> <span class='ocrx_word' id='word_1_169' title='bbox 566 3763 746 3838; x_wconf 83' lang='lat' dir='ltr'>intervalla</span> <span class='ocrx_word' id='word_1_170' title='bbox 760 3761 930 3836; x_wconf 92' lang='lat' dir='ltr'>ordinum</span> <span class='ocrx_word' id='word_1_171' title='bbox 951 3761 1119 3860; x_wconf 84' lang='lat' dir='ltr'>antepila-</span> 
     </span>
     <span class='ocr_line' id='line_1_27' title="bbox 146 3877 1121 3981; baseline -0.002 -25"><span class='ocrx_word' id='word_1_172' title='bbox 146 3881 214 3970; x_wconf 87' lang='lat' dir='ltr'>nis,</span> <span class='ocrx_word' id='word_1_173' title='bbox 247 3885 399 3958; x_wconf 86' lang='lat' dir='ltr'>clamore</span> <span class='ocrx_word' id='word_1_174' title='bbox 416 3882 550 3957; x_wconf 85' lang='lat' dir='ltr'>sublato</span> <span class='ocrx_word' id='word_1_175' title='bbox 567 3881 741 3981; x_wconf 88' lang='lat' dir='ltr'>principia</span> <span class='ocrx_word' id='word_1_176' title='bbox 757 3877 970 3956; x_wconf 88' lang='lat' dir='ltr'>Latinorum</span> <span class='ocrx_word' id='word_1_177' title='bbox 987 3904 1121 3980; x_wconf 86' lang='lat' dir='ltr'>pertur-</span> 
     </span>
     <span class='ocr_line' id='line_1_28' title="bbox 146 4000 1120 4100; baseline -0.003 -23"><span class='ocrx_word' id='word_1_178' title='bbox 146 4005 242 4078; x_wconf 89' lang='lat' dir='ltr'>bant.</span> <span class='ocrx_word' id='word_1_179' title='bbox 304 4001 495 4100; x_wconf 86' lang='lat' dir='ltr'>Hastisque</span> <span class='ocrx_word' id='word_1_180' title='bbox 523 4027 583 4077; x_wconf 85' lang='lat' dir='ltr'>ora</span> <span class='ocrx_word' id='word_1_181' title='bbox 610 4000 798 4089; x_wconf 81' lang='lat' dir='ltr'>fodientes,</span> <span class='ocrx_word' id='word_1_182' title='bbox 845 4000 961 4100; x_wconf 91' lang='lat' dir='ltr'>primo</span> <span class='ocrx_word' id='word_1_183' title='bbox 996 4003 1120 4075; x_wconf 89' lang='lat' dir='ltr'>robore</span> 
     </span>
     <span class='ocr_line' id='line_1_29' title="bbox 145 4119 1122 4220; baseline 0 -23"><span class='ocrx_word' id='word_1_184' title='bbox 145 4122 303 4198; x_wconf 90' lang='lat' dir='ltr'>virorum</span> <span class='ocrx_word' id='word_1_185' title='bbox 330 4120 441 4211; x_wconf 88' lang='lat' dir='ltr'>caeso,</span> <span class='ocrx_word' id='word_1_186' title='bbox 473 4147 537 4220; x_wconf 89' lang='lat' dir='ltr'>per</span> <span class='ocrx_word' id='word_1_187' title='bbox 561 4121 646 4198; x_wconf 84' lang='lat' dir='ltr'>alios</span> <span class='ocrx_word' id='word_1_188' title='bbox 669 4121 880 4219; x_wconf 90' lang='lat' dir='ltr'>manipulos,</span> <span class='ocrx_word' id='word_1_189' title='bbox 912 4122 1011 4194; x_wconf 87' lang='lat' dir='ltr'>velut</span> <span class='ocrx_word' id='word_1_190' title='bbox 1032 4119 1122 4197; x_wconf 89' lang='lat' dir='ltr'>iner-</span> 
     </span>
    </p>
   </div>
   <div class='ocr_carea' id='block_1_3' title="bbox 0 0 1548 5342">
    <p class='ocr_par' dir='ltr' id='par_1_4' title="bbox 0 0 1548 5342">
     <span class='ocr_line' id='line_1_30' title="bbox 0 0 1548 5342; baseline 0 0"><span class='ocrx_word' id='word_1_191' title='bbox 0 0 1548 5342; x_wconf 95' lang='lat' dir='ltr'> </span> 
     </span>
    </p>
   </div>
  </div>
 </body>
</html>
