3067 5342
503 705 732 784 Lraen
790 708 834 784 V.
1120 717 1165 811 67

183 881 285 956 velut
310 884 544 958 tumultuario
575 885 731 959 exercitu
759 884 887 982 raptim
910 886 1032 973 ducio,
1063 912 1164 984 aegre

181 1004 231 1074 ad
247 1001 483 1078 undecimum
506 1003 660 1100 lapidem
688 1005 879 1079 obcursum
906 1004 967 1091 est,
998 1030 1070 1102 qua
1093 1008 1161 1078 flu-

181 1145 267 1192 men
285 1120 393 1209 Allia,
428 1121 664 1196 Crustuminis
681 1122 864 1196 montibus
881 1126 1033 1220 praealto
1048 1125 1161 1198 deflu-
1262 1145 1265 1151 ·

180 1265 244 1312 ens
276 1242 388 1327 alveo,
424 1243 521 1314 haud
554 1244 710 1316 multum
740 1241 830 1315 infra
861 1241 956 1317 viam
987 1241 1160 1318 Tiberino

181 1358 280 1431 amni
299 1359 473 1433 miscetur.
523 1363 605 1455 Jam
622 1361 742 1434 omnia
756 1383 880 1435 contra
901 1360 1063 1460 circaque
1081 1363 1158 1436 hos-

179 1478 273 1552 tium
290 1481 394 1576 plena
409 1501 517 1566 erant,
546 1485 580 1553 δι
598 1501 677 1554 nata
691 1480 728 1553 in
745 1505 853 1553 vanos
870 1483 1044 1554 tumultus
1057 1507 1156 1580 gens,

178 1599 271 1672 truci
289 1621 393 1672 cantu
412 1599 694 1697 clamoribusque
708 1599 823 1687 variis,
858 1602 1034 1674 horrendo
1047 1627 1156 1676 cunc-

178 1739 213 1790 ta
226 1720 487 1814 compleverant
501 1715 596 1792 sono.

232 1839 442 1912 XXXVIII.
493 1837 548 1912 Ibi
582 1837 715 1912 tribuni
749 1837 920 1927 militum,
966 1866 1039 1913 non
1073 1844 1153 1918 loco

177 1955 292 2030 castris
325 1977 405 2030 ante
439 1979 555 2055 capto,
590 1983 662 2030 non
688 1957 912 2055 praemunito
939 1961 1044 2048 vall0,
1078 1987 1153 2059 quo

175 2097 336 2172 receptus
355 2078 450 2164 effer,
485 2103 558 2150 non
591 2079 752 2150 Deorum
771 2075 902 2164 saltem,
936 2081 960 2150 fi
989 2105 1062 2153 non
1087 2083 1151 2154 ho-

173 2195 329 2283 minum,
363 2221 549 2284 memores,
574 2223 639 2269 nec
657 2194 845 2292 auspicato,
874 2222 939 2270 nec
957 2196 1069 2286 litato,
1096 2199 1150 2274 in·

174 2315 312 2388 Ihrrunt
326 2313 439 2388 aciem
454 2317 645 2389 deductam
659 2314 697 2387 in
717 2339 862 2401 cornua,
893 2342 937 2389 ne
955 2316 1150 2393 circumve·

170 2433 239 2507 niri
270 2433 499 2509 multitudine
529 2433 684 2508 hostium
716 2435 863 2531 pollent.
913 2437 993 2512 Nec
1026 2458 1146 2512 tamen

169 2553 312 2652 aequari
330 2553 460 2628 frontes
489 2574 661 2650 poterant,
693 2577 808 2651 quum
836 2557 1063 2629 extenuando
1092 2557 1146 2631 in-

168 2676 308 2747 firmam
325 2678 360 2746 a
382 2672 444 2746 vix
471 2675 715 2747 cohaerentem
738 2670 895 2744 mediam
911 2671 1023 2746 aciem
1040 2677 1146 2750 habe-

166 2815 256 2866 rent.
307 2793 471 2867 Paullum
499 2809 570 2866 erat
591 2793 636 2866 ab
659 2791 804 2864 dextera
819 2789 906 2864 editi
932 2791 1016 2879 loci,
1037 2820 1147 2890 quem

165 2910 375 2986 subsidiariis
391 2911 513 3009 repleri
527 2910 661 3009 placuit
668 2943 679 2996 ;
714 2934 824 3007 eaque
848 2934 913 2997 res,
940 2931 982 2983 ut
1001 2909 1145 2988 initium

162 3029 305 3128 pavoris
335 3057 375 3104 ac
402 3028 519 3128 fugae,
547 3033 592 3104 fic
621 3055 693 3102 una
710 3028 798 3102 salus
814 3026 1034 3126 fugientibus
1064 3030 1143 3106 fuit.

161 3153 261 3224 Nam
285 3152 454 3236 Brennus,
490 3151 632 3246 regulus
664 3150 864 3236 Gallorum,
895 3148 933 3220 in
965 3150 1142 3246 paucitate

159 3268 319 3342 hostium
336 3289 444 3342 artem
461 3267 616 3342 maxime
639 3267 781 3355 timens,
809 3288 904 3340 ratus
929 3269 975 3340 ad
998 3269 1037 3343 id
1061 3297 1141 3369 cap-

157 3411 240 3461 tum
267 3387 479 3484 superiorem
503 3389 637 3475 locum,
666 3408 721 3474 ut,
751 3386 817 3461 ubi
837 3386 1035 3463 Gallicum
1065 3391 1140 3465 acie

157 3505 346 3605 legionum
379 3509 471 3580 reela
499 3505 612 3580 fronte
642 3506 953 3594 concucurrifl'ent,
990 3507 1139 3583 subfidia

157 3626 199 3698 in
220 3623 354 3699 aversos
368 3623 638 3722 transversosque
656 3623 818 3721 inpetum
835 3627 970 3714 darent,
993 3629 1038 3700 ad
1055 3627 1137 3704 sub·
1208 3615 1210 3619 ¹

155 3744 313 3819 sidiarios
346 3749 440 3844 signa
469 3743 658 3820 convertit:
690 3748 713 3816 fi
739 3771 799 3817 eos
829 3747 910 3818 loco
937 3744 1135 3841 depulisset,

154 3865 255 3938 haud
281 3864 426 3952 dubius,
467 3863 607 3938 facilem
636 3861 673 3936 in
702 3889 817 3960 aequo
846 3863 964 3961 campi
997 3885 1135 3939 tantum

154 3982 332 4081 superanti
348 3981 573 4058 multitudini
593 3981 777 4056 vicloriam
794 3979 879 4056 fore.
929 3985 1035 4057 Adeo
1061 4012 1134 4060 non

152 4104 297 4180 fortuna
319 4106 444 4192 mod0,
469 4103 528 4179 sed
545 4101 633 4178 ratio
655 4102 775 4189 etiam,
799 4127 883 4177 cum
900 4102 1053 4179 barbaris
1069 4105 1133 4178 sta-
