<?xml version="1.0" encoding="UTF-8"?>
<!DOCTYPE html PUBLIC "-//W3C//DTD XHTML 1.0 Transitional//EN"
    "http://www.w3.org/TR/xhtml1/DTD/xhtml1-transitional.dtd">
<html xmlns="http://www.w3.org/1999/xhtml" xml:lang="en" lang="en">
 <head>
  <title>
</title>
<meta http-equiv="Content-Type" content="text/html;charset=utf-8" />
  <meta name='ocr-system' content='tesseract 3.04.00' />
  <meta name='ocr-capabilities' content='ocr_page ocr_carea ocr_par ocr_line ocrx_word'/>
</head>
<body>
  <div class='ocr_page' id='page_1' title='image "./tliviipatavinih00homegoog_0409.png"; bbox 0 0 3067 5342; ppageno 0'>
   <div class='ocr_carea' id='block_1_1' title="bbox 492 719 1137 831">
    <p class='ocr_par' dir='ltr' id='par_1_1' title="bbox 492 719 1137 831">
     <span class='ocr_line' id='line_1_1' title="bbox 492 719 1137 831; baseline -0.002 -37"><span class='ocrx_word' id='word_1_1' title='bbox 492 721 722 794; x_wconf 77' lang='lat' dir='ltr'>Lrasn</span> <span class='ocrx_word' id='word_1_2' title='bbox 773 719 840 794; x_wconf 88' lang='lat' dir='ltr'>IX.</span> <span class='ocrx_word' id='word_1_3' title='bbox 932 828 933 831; x_wconf 8' lang='grc' dir='ltr'><strong>Ἴ</strong></span> <span class='ocrx_word' id='word_1_4' title='bbox 1070 745 1137 813; x_wconf 86' lang='lat'>401</span> 
     </span>
    </p>
   </div>
   <div class='ocr_carea' id='block_1_2' title="bbox 154 890 1143 4113">
    <p class='ocr_par' dir='ltr' id='par_1_2' title="bbox 154 890 1141 2767">
     <span class='ocr_line' id='line_1_2' title="bbox 155 890 1141 992; baseline -0.002 -23"><span class='ocrx_word' id='word_1_5' title='bbox 155 893 309 983; x_wconf 85' lang='lat' dir='ltr'>hostem,</span> <span class='ocrx_word' id='word_1_6' title='bbox 339 891 379 968; x_wconf 91' lang='lat' dir='ltr'>in</span> <span class='ocrx_word' id='word_1_7' title='bbox 407 891 515 969; x_wconf 85' lang='lat' dir='ltr'>castra</span> <span class='ocrx_word' id='word_1_8' title='bbox 544 890 611 968; x_wconf 88' lang='lat' dir='ltr'>sese</span> <span class='ocrx_word' id='word_1_9' title='bbox 641 891 799 990; x_wconf 91' lang='lat' dir='ltr'>recepit;</span> <span class='ocrx_word' id='word_1_10' title='bbox 833 909 1005 992; x_wconf 91' lang='lat' dir='ltr'>portaque</span> <span class='ocrx_word' id='word_1_11' title='bbox 1035 893 1141 968; x_wconf 82' lang='lat' dir='ltr'>altera</span> 
     </span>
     <span class='ocr_line' id='line_1_3' title="bbox 155 1009 1139 1114; baseline -0.001 -25"><span class='ocrx_word' id='word_1_12' title='bbox 155 1015 321 1114; x_wconf 85' lang='lat' dir='ltr'>egressus,</span> <span class='ocrx_word' id='word_1_13' title='bbox 349 1034 430 1089; x_wconf 90' lang='lat' dir='ltr'>ante</span> <span class='ocrx_word' id='word_1_14' title='bbox 447 1015 589 1089; x_wconf 68' lang='lat' dir='ltr'>nostem</span> <span class='ocrx_word' id='word_1_15' title='bbox 610 1037 739 1111; x_wconf 86' lang='lat' dir='ltr'><strong>agmen</strong></span> <span class='ocrx_word' id='word_1_16' title='bbox 756 1009 971 1110; x_wconf 89' lang='lat' dir='ltr'>adsequitur.</span> <span class='ocrx_word' id='word_1_17' title='bbox 1020 1013 1139 1088; x_wconf 90' lang='lat' dir='ltr'>Poste-</span> 
     </span>
     <span class='ocr_line' id='line_1_4' title="bbox 156 1129 1141 1231; baseline -0.001 -22"><span class='ocrx_word' id='word_1_18' title='bbox 156 1159 197 1209; x_wconf 93' lang='lat' dir='ltr'>ro</span> <span class='ocrx_word' id='word_1_19' title='bbox 213 1133 287 1222; x_wconf 91' lang='lat' dir='ltr'>die,</span> <span class='ocrx_word' id='word_1_20' title='bbox 318 1135 398 1208; x_wconf 90' lang='lat' dir='ltr'>luce</span> <span class='ocrx_word' id='word_1_21' title='bbox 415 1131 541 1231; x_wconf 86' lang='lat' dir='ltr'>prima,</span> <span class='ocrx_word' id='word_1_22' title='bbox 564 1133 654 1231; x_wconf 87' lang='lat' dir='ltr'>juga</span> <span class='ocrx_word' id='word_1_23' title='bbox 669 1129 820 1206; x_wconf 88' lang='lat' dir='ltr'>Ciminii</span> <span class='ocrx_word' id='word_1_24' title='bbox 839 1129 971 1204; x_wconf 88' lang='lat' dir='ltr'>montis</span> <span class='ocrx_word' id='word_1_25' title='bbox 988 1135 1141 1208; x_wconf 88' lang='lat' dir='ltr'>tenebat.</span> 
     </span>
     <span class='ocr_line' id='line_1_5' title="bbox 157 1249 1139 1350; baseline -0.002 -23"><span class='ocrx_word' id='word_1_26' title='bbox 157 1254 260 1343; x_wconf 89' lang='lat' dir='ltr'>Inde,</span> <span class='ocrx_word' id='word_1_27' title='bbox 291 1253 549 1350; x_wconf 83' lang='lat' dir='ltr'>contemplatus</span> <span class='ocrx_word' id='word_1_28' title='bbox 564 1252 733 1349; x_wconf 88' lang='lat' dir='ltr'>opulenta</span> <span class='ocrx_word' id='word_1_29' title='bbox 748 1249 910 1325; x_wconf 85' lang='lat' dir='ltr'>Etruriae</span> <span class='ocrx_word' id='word_1_30' title='bbox 929 1276 1023 1340; x_wconf 88' lang='lat' dir='ltr'>arva,</span> <span class='ocrx_word' id='word_1_31' title='bbox 1046 1249 1139 1326; x_wconf 89' lang='lat' dir='ltr'>mili-</span> 
     </span>
     <span class='ocr_line' id='line_1_6' title="bbox 155 1368 1139 1471; baseline -0.004 -23"><span class='ocrx_word' id='word_1_32' title='bbox 155 1394 207 1448; x_wconf 89' lang='lat' dir='ltr'>tes</span> <span class='ocrx_word' id='word_1_33' title='bbox 224 1372 366 1448; x_wconf 87' lang='lat' dir='ltr'>emittit.</span> <span class='ocrx_word' id='word_1_34' title='bbox 416 1368 557 1471; x_wconf 84' lang='lat' dir='ltr'>Ingenti</span> <span class='ocrx_word' id='word_1_35' title='bbox 568 1370 644 1468; x_wconf 91' lang='lat' dir='ltr'>jam</span> <span class='ocrx_word' id='word_1_36' title='bbox 660 1372 783 1446; x_wconf 66' lang='lat' dir='ltr'>abadia</span> <span class='ocrx_word' id='word_1_37' title='bbox 796 1370 936 1468; x_wconf 87' lang='lat' dir='ltr'>praeda,</span> <span class='ocrx_word' id='word_1_38' title='bbox 964 1373 1139 1445; x_wconf 91' lang='lat' dir='ltr'>tumultu-</span> 
     </span>
     <span class='ocr_line' id='line_1_7' title="bbox 154 1490 1140 1593; baseline -0.002 -25"><span class='ocrx_word' id='word_1_39' title='bbox 154 1492 246 1568; x_wconf 80' lang='lat' dir='ltr'>ariae</span> <span class='ocrx_word' id='word_1_40' title='bbox 276 1491 467 1593; x_wconf 87' lang='lat' dir='ltr'>agrestium</span> <span class='ocrx_word' id='word_1_41' title='bbox 495 1490 726 1566; x_wconf 90' lang='lat' dir='ltr'>Etruscorum</span> <span class='ocrx_word' id='word_1_42' title='bbox 750 1492 924 1578; x_wconf 88' lang='lat' dir='ltr'>cohortes,</span> <span class='ocrx_word' id='word_1_43' title='bbox 953 1511 1093 1588; x_wconf 88' lang='lat' dir='ltr'>repente</span> <span class='ocrx_word' id='word_1_44' title='bbox 1119 1518 1140 1566; x_wconf 88' lang='lat' dir='ltr'>a</span> 
     </span>
     <span class='ocr_line' id='line_1_8' title="bbox 155 1609 1139 1714; baseline 0 -27"><span class='ocrx_word' id='word_1_45' title='bbox 155 1612 378 1712; x_wconf 84' lang='lat' dir='ltr'>principibus</span> <span class='ocrx_word' id='word_1_46' title='bbox 395 1611 550 1714; x_wconf 83' lang='lat' dir='ltr'>regionis</span> <span class='ocrx_word' id='word_1_47' title='bbox 567 1613 642 1708; x_wconf 88' lang='lat' dir='ltr'>ejus</span> <span class='ocrx_word' id='word_1_48' title='bbox 652 1609 860 1699; x_wconf 74' lang='lat' dir='ltr'>concitatae,</span> <span class='ocrx_word' id='word_1_49' title='bbox 884 1610 1058 1685; x_wconf 88' lang='lat' dir='ltr'>Romanis</span> <span class='ocrx_word' id='word_1_50' title='bbox 1075 1614 1139 1687; x_wconf 91' lang='lat' dir='ltr'>ob-</span> 
     </span>
     <span class='ocr_line' id='line_1_9' title="bbox 155 1723 1139 1830; baseline -0.002 -22"><span class='ocrx_word' id='word_1_51' title='bbox 155 1753 316 1822; x_wconf 85' lang='lat' dir='ltr'>currunt,</span> <span class='ocrx_word' id='word_1_52' title='bbox 345 1723 435 1808; x_wconf 89' lang='lat' dir='ltr'>adeo</span> <span class='ocrx_word' id='word_1_53' title='bbox 457 1731 722 1828; x_wconf 83' lang='lat' dir='ltr'>incomposrtae,</span> <span class='ocrx_word' id='word_1_54' title='bbox 756 1751 798 1804; x_wconf 93' lang='lat' dir='ltr'>ut</span> <span class='ocrx_word' id='word_1_55' title='bbox 819 1729 980 1805; x_wconf 88' lang='lat' dir='ltr'>vindices</span> <span class='ocrx_word' id='word_1_56' title='bbox 996 1733 1139 1830; x_wconf 85' lang='lat' dir='ltr'>praeda-</span> 
     </span>
     <span class='ocr_line' id='line_1_10' title="bbox 155 1849 1139 1951; baseline 0 -23"><span class='ocrx_word' id='word_1_57' title='bbox 155 1877 238 1927; x_wconf 90' lang='lat' dir='ltr'>rum</span> <span class='ocrx_word' id='word_1_58' title='bbox 251 1878 362 1950; x_wconf 85' lang='lat' dir='ltr'>prope</span> <span class='ocrx_word' id='word_1_59' title='bbox 382 1852 446 1951; x_wconf 85' lang='lat' dir='ltr'>ipsr</span> <span class='ocrx_word' id='word_1_60' title='bbox 458 1853 606 1948; x_wconf 87' lang='lat' dir='ltr'>praedae</span> <span class='ocrx_word' id='word_1_61' title='bbox 623 1849 765 1926; x_wconf 87' lang='lat' dir='ltr'>suerint.</span> <span class='ocrx_word' id='word_1_62' title='bbox 815 1853 927 1925; x_wconf 88' lang='lat' dir='ltr'>Caefis</span> <span class='ocrx_word' id='word_1_63' title='bbox 940 1849 1139 1950; x_wconf 85' lang='lat' dir='ltr'>fugatisque</span> 
     </span>
     <span class='ocr_line' id='line_1_11' title="bbox 155 1969 1139 2070; baseline -0.002 -22"><span class='ocrx_word' id='word_1_64' title='bbox 155 1971 213 2062; x_wconf 87' lang='lat' dir='ltr'>iis,</span> <span class='ocrx_word' id='word_1_65' title='bbox 240 1975 309 2048; x_wconf 86' lang='lat' dir='ltr'>late</span> <span class='ocrx_word' id='word_1_66' title='bbox 326 1973 544 2069; x_wconf 85' lang='lat' dir='ltr'>depopulato</span> <span class='ocrx_word' id='word_1_67' title='bbox 562 1996 660 2070; x_wconf 88' lang='lat' dir='ltr'>agro,</span> <span class='ocrx_word' id='word_1_68' title='bbox 689 1969 804 2045; x_wconf 60' lang='lat' dir='ltr'>vietor</span> <span class='ocrx_word' id='word_1_69' title='bbox 821 1972 1021 2060; x_wconf 89' lang='lat' dir='ltr'>Romanus,</span> <span class='ocrx_word' id='word_1_70' title='bbox 1049 1997 1139 2069; x_wconf 91' lang='lat' dir='ltr'>opu-</span> 
     </span>
     <span class='ocr_line' id='line_1_12' title="bbox 155 2089 1139 2190; baseline 0.002 -25"><span class='ocrx_word' id='word_1_71' title='bbox 155 2091 343 2190; x_wconf 88' lang='lat' dir='ltr'>lentusque</span> <span class='ocrx_word' id='word_1_72' title='bbox 358 2115 478 2165; x_wconf 87' lang='lat' dir='ltr'>rerum</span> <span class='ocrx_word' id='word_1_73' title='bbox 500 2091 667 2166; x_wconf 90' lang='lat' dir='ltr'>omnium</span> <span class='ocrx_word' id='word_1_74' title='bbox 694 2089 811 2187; x_wconf 85' lang='lat' dir='ltr'>copia,</span> <span class='ocrx_word' id='word_1_75' title='bbox 838 2091 877 2164; x_wconf 93' lang='lat' dir='ltr'>in</span> <span class='ocrx_word' id='word_1_76' title='bbox 895 2091 1001 2166; x_wconf 88' lang='lat' dir='ltr'>castra</span> <span class='ocrx_word' id='word_1_77' title='bbox 1024 2091 1139 2167; x_wconf 89' lang='lat' dir='ltr'>rediit.</span> 
     </span>
     <span class='ocr_line' id='line_1_13' title="bbox 157 2209 1141 2309; baseline -0.004 -22"><span class='ocrx_word' id='word_1_78' title='bbox 157 2215 216 2287; x_wconf 88' lang='lat' dir='ltr'>Eo</span> <span class='ocrx_word' id='word_1_79' title='bbox 246 2210 336 2286; x_wconf 89' lang='lat' dir='ltr'>sorte</span> <span class='ocrx_word' id='word_1_80' title='bbox 365 2209 530 2309; x_wconf 89' lang='lat' dir='ltr'>quinque</span> <span class='ocrx_word' id='word_1_81' title='bbox 560 2209 667 2309; x_wconf 86' lang='lat' dir='ltr'>legati</span> <span class='ocrx_word' id='word_1_82' title='bbox 697 2235 781 2283; x_wconf 88' lang='lat' dir='ltr'>cum</span> <span class='ocrx_word' id='word_1_83' title='bbox 812 2210 956 2284; x_wconf 90' lang='lat' dir='ltr'>duobus</span> <span class='ocrx_word' id='word_1_84' title='bbox 989 2210 1141 2286; x_wconf 89' lang='lat' dir='ltr'>tribunis</span> 
     </span>
     <span class='ocr_line' id='line_1_14' title="bbox 155 2327 1138 2431; baseline -0.002 -25"><span class='ocrx_word' id='word_1_85' title='bbox 155 2331 271 2431; x_wconf 88' lang='lat' dir='ltr'>plebis</span> <span class='ocrx_word' id='word_1_86' title='bbox 286 2350 467 2419; x_wconf 85' lang='lat' dir='ltr'>venerant,</span> <span class='ocrx_word' id='word_1_87' title='bbox 502 2328 760 2405; x_wconf 87' lang='lat' dir='ltr'>denunciatum</span> <span class='ocrx_word' id='word_1_88' title='bbox 781 2327 893 2404; x_wconf 89' lang='lat' dir='ltr'>Fabio</span> <span class='ocrx_word' id='word_1_89' title='bbox 910 2329 1047 2404; x_wconf 87' lang='lat' dir='ltr'>senatus</span> <span class='ocrx_word' id='word_1_90' title='bbox 1063 2356 1138 2404; x_wconf 89' lang='lat' dir='ltr'>ver-</span> 
     </span>
     <span class='ocr_line' id='line_1_15' title="bbox 155 2448 1140 2539; baseline 0 -13"><span class='ocrx_word' id='word_1_91' title='bbox 155 2451 225 2539; x_wconf 85' lang='lat' dir='ltr'>bis,</span> <span class='ocrx_word' id='word_1_92' title='bbox 246 2477 292 2526; x_wconf 91' lang='lat' dir='ltr'>ne</span> <span class='ocrx_word' id='word_1_93' title='bbox 306 2450 434 2526; x_wconf 87' lang='lat' dir='ltr'>saltum</span> <span class='ocrx_word' id='word_1_94' title='bbox 447 2449 650 2526; x_wconf 89' lang='lat' dir='ltr'>Ciminium</span> <span class='ocrx_word' id='word_1_95' title='bbox 667 2454 830 2524; x_wconf 83' lang='lat' dir='ltr'>transrret.</span> <span class='ocrx_word' id='word_1_96' title='bbox 881 2449 1019 2525; x_wconf 86' lang='lat' dir='ltr'>Laetati</span> <span class='ocrx_word' id='word_1_97' title='bbox 1034 2448 1140 2526; x_wconf 87' lang='lat' dir='ltr'>serius</span> 
     </span>
     <span class='ocr_line' id='line_1_16' title="bbox 155 2569 1138 2670; baseline -0.002 -24"><span class='ocrx_word' id='word_1_98' title='bbox 155 2569 203 2660; x_wconf 87' lang='lat' dir='ltr'>se,</span> <span class='ocrx_word' id='word_1_99' title='bbox 245 2596 356 2670; x_wconf 85' lang='lat' dir='ltr'>quam</span> <span class='ocrx_word' id='word_1_100' title='bbox 387 2593 431 2645; x_wconf 90' lang='lat' dir='ltr'>ut</span> <span class='ocrx_word' id='word_1_101' title='bbox 461 2570 621 2669; x_wconf 89' lang='lat' dir='ltr'>inpedire</span> <span class='ocrx_word' id='word_1_102' title='bbox 651 2571 789 2645; x_wconf 88' lang='lat' dir='ltr'>bellum</span> <span class='ocrx_word' id='word_1_103' title='bbox 816 2573 964 2670; x_wconf 89' lang='lat' dir='ltr'>possent,</span> <span class='ocrx_word' id='word_1_104' title='bbox 996 2569 1138 2658; x_wconf 80' lang='lat' dir='ltr'>venisse,</span> 
     </span>
     <span class='ocr_line' id='line_1_17' title="bbox 156 2689 892 2767; baseline -0.001 -1"><span class='ocrx_word' id='word_1_105' title='bbox 156 2689 280 2767; x_wconf 86' lang='lat' dir='ltr'>nuncii</span> <span class='ocrx_word' id='word_1_106' title='bbox 297 2689 465 2766; x_wconf 67' lang='lat' dir='ltr'>vidoriae</span> <span class='ocrx_word' id='word_1_107' title='bbox 481 2692 639 2764; x_wconf 89' lang='lat' dir='ltr'>Romam</span> <span class='ocrx_word' id='word_1_108' title='bbox 657 2711 892 2766; x_wconf 86' lang='lat' dir='ltr'>revertuntur.</span> 
     </span>
    </p>

    <p class='ocr_par' dir='ltr' id='par_1_3' title="bbox 155 2809 1143 4113">
     <span class='ocr_line' id='line_1_18' title="bbox 204 2809 1140 2910; baseline 0.001 -25"><span class='ocrx_word' id='word_1_109' title='bbox 204 2811 402 2885; x_wconf 88' lang='lat' dir='ltr'>XXXVII.</span> <span class='ocrx_word' id='word_1_110' title='bbox 443 2812 528 2886; x_wconf 89' lang='lat' dir='ltr'>Hac</span> <span class='ocrx_word' id='word_1_111' title='bbox 556 2809 785 2910; x_wconf 87' lang='lat' dir='ltr'>expeditione</span> <span class='ocrx_word' id='word_1_112' title='bbox 817 2809 968 2886; x_wconf 89' lang='lat' dir='ltr'>consulis</span> <span class='ocrx_word' id='word_1_113' title='bbox 999 2831 1140 2886; x_wconf 90' lang='lat' dir='ltr'>motum</span> 
     </span>
     <span class='ocr_line' id='line_1_19' title="bbox 155 2929 1140 3029; baseline 0.001 -26"><span class='ocrx_word' id='word_1_114' title='bbox 155 2929 260 3005; x_wconf 89' lang='lat' dir='ltr'>latius</span> <span class='ocrx_word' id='word_1_115' title='bbox 289 2953 374 3020; x_wconf 87' lang='lat' dir='ltr'>erat,</span> <span class='ocrx_word' id='word_1_116' title='bbox 414 2955 525 3028; x_wconf 84' lang='lat' dir='ltr'>quam</span> <span class='ocrx_word' id='word_1_117' title='bbox 552 2930 793 3029; x_wconf 84' lang='lat' dir='ltr'>profligatum,</span> <span class='ocrx_word' id='word_1_118' title='bbox 825 2932 972 3006; x_wconf 87' lang='lat' dir='ltr'>bellum.</span> <span class='ocrx_word' id='word_1_119' title='bbox 1022 2931 1140 3005; x_wconf 90' lang='lat' dir='ltr'>Vasta-</span> 
     </span>
     <span class='ocr_line' id='line_1_20' title="bbox 157 3049 1140 3152; baseline 0.001 -27"><span class='ocrx_word' id='word_1_120' title='bbox 157 3049 294 3126; x_wconf 90' lang='lat' dir='ltr'>tionem</span> <span class='ocrx_word' id='word_1_121' title='bbox 310 3077 468 3149; x_wconf 89' lang='lat' dir='ltr'>namque</span> <span class='ocrx_word' id='word_1_122' title='bbox 484 3050 551 3127; x_wconf 92' lang='lat' dir='ltr'>sub</span> <span class='ocrx_word' id='word_1_123' title='bbox 568 3050 718 3125; x_wconf 87' lang='lat' dir='ltr'>Ciminii</span> <span class='ocrx_word' id='word_1_124' title='bbox 738 3050 870 3126; x_wconf 91' lang='lat' dir='ltr'>montis</span> <span class='ocrx_word' id='word_1_125' title='bbox 898 3051 1077 3152; x_wconf 80' lang='lat' dir='ltr'>radicibus</span> <span class='ocrx_word' id='word_1_126' title='bbox 1087 3053 1140 3148; x_wconf 88' lang='lat' dir='ltr'>ja·</span> 
     </span>
     <span class='ocr_line' id='line_1_21' title="bbox 157 3170 1138 3271; baseline -0.002 -23"><span class='ocrx_word' id='word_1_127' title='bbox 157 3197 243 3248; x_wconf 86' lang='lat' dir='ltr'>cens</span> <span class='ocrx_word' id='word_1_128' title='bbox 258 3197 319 3247; x_wconf 87' lang='lat' dir='ltr'>ora</span> <span class='ocrx_word' id='word_1_129' title='bbox 332 3171 492 3260; x_wconf 86' lang='lat' dir='ltr'>senserat,</span> <span class='ocrx_word' id='word_1_130' title='bbox 519 3171 793 3270; x_wconf 87' lang='lat' dir='ltr'>conciveratque</span> <span class='ocrx_word' id='word_1_131' title='bbox 811 3170 1055 3271; x_wconf 84' lang='lat' dir='ltr'>indignatione</span> <span class='ocrx_word' id='word_1_132' title='bbox 1066 3199 1138 3246; x_wconf 89' lang='lat' dir='ltr'>non</span> 
     </span>
     <span class='ocr_line' id='line_1_22' title="bbox 157 3289 1139 3391; baseline -0.004 -23"><span class='ocrx_word' id='word_1_133' title='bbox 157 3289 320 3368; x_wconf 85' lang='lat' dir='ltr'>Etruriae</span> <span class='ocrx_word' id='word_1_134' title='bbox 344 3293 458 3366; x_wconf 89' lang='lat' dir='ltr'>modo</span> <span class='ocrx_word' id='word_1_135' title='bbox 483 3295 651 3391; x_wconf 88' lang='lat' dir='ltr'>populos,</span> <span class='ocrx_word' id='word_1_136' title='bbox 676 3290 737 3366; x_wconf 92' lang='lat' dir='ltr'>sed</span> <span class='ocrx_word' id='word_1_137' title='bbox 771 3291 946 3366; x_wconf 84' lang='lat' dir='ltr'>Umbriae</span> <span class='ocrx_word' id='word_1_138' title='bbox 977 3289 1139 3366; x_wconf 90' lang='lat' dir='ltr'>finitima.</span> 
     </span>
     <span class='ocr_line' id='line_1_23' title="bbox 155 3411 1140 3516; baseline 0.001 -31"><span class='ocrx_word' id='word_1_139' title='bbox 155 3413 296 3516; x_wconf 86' lang='lat' dir='ltr'>Itaque,</span> <span class='ocrx_word' id='word_1_140' title='bbox 329 3432 486 3509; x_wconf 87' lang='lat' dir='ltr'>quantus</span> <span class='ocrx_word' id='word_1_141' title='bbox 518 3438 592 3485; x_wconf 91' lang='lat' dir='ltr'>non</span> <span class='ocrx_word' id='word_1_142' title='bbox 615 3439 792 3510; x_wconf 89' lang='lat' dir='ltr'>umquam</span> <span class='ocrx_word' id='word_1_143' title='bbox 822 3433 935 3499; x_wconf 91' lang='lat' dir='ltr'>antea,</span> <span class='ocrx_word' id='word_1_144' title='bbox 966 3411 1140 3486; x_wconf 86' lang='lat' dir='ltr'>exercitus</span> 
     </span>
     <span class='ocr_line' id='line_1_24' title="bbox 156 3516 1141 3631; baseline 0 -26"><span class='ocrx_word' id='word_1_145' title='bbox 156 3533 203 3608; x_wconf 90' lang='lat' dir='ltr'>ad</span> <span class='ocrx_word' id='word_1_146' title='bbox 236 3530 397 3606; x_wconf 89' lang='lat' dir='ltr'>Sutrium</span> <span class='ocrx_word' id='word_1_147' title='bbox 427 3531 546 3606; x_wconf 66' lang='lat' dir='ltr'>venite</span> <span class='ocrx_word' id='word_1_148' title='bbox 579 3557 698 3631; x_wconf 91' lang='lat' dir='ltr'>neque</span> <span class='ocrx_word' id='word_1_149' title='bbox 731 3559 751 3606; x_wconf 86' lang='lat' dir='ltr'>e</span> <span class='ocrx_word' id='word_1_150' title='bbox 781 3531 869 3606; x_wconf 72' lang='lat' dir='ltr'>silvis</span> <span class='ocrx_word' id='word_1_151' title='bbox 890 3516 1141 3606; x_wconf 87' lang='lat' dir='ltr'>tantummodo</span> 
     </span>
     <span class='ocr_line' id='line_1_25' title="bbox 156 3650 1141 3749; baseline 0 -24"><span class='ocrx_word' id='word_1_152' title='bbox 156 3673 321 3749; x_wconf 88' lang='lat' dir='ltr'>promota</span> <span class='ocrx_word' id='word_1_153' title='bbox 353 3651 473 3740; x_wconf 85' lang='lat' dir='ltr'>castra,</span> <span class='ocrx_word' id='word_1_154' title='bbox 510 3650 572 3726; x_wconf 87' lang='lat' dir='ltr'>sed</span> <span class='ocrx_word' id='word_1_155' title='bbox 609 3652 716 3727; x_wconf 86' lang='lat' dir='ltr'>etiam</span> <span class='ocrx_word' id='word_1_156' title='bbox 746 3651 913 3726; x_wconf 88' lang='lat' dir='ltr'>aviditate</span> <span class='ocrx_word' id='word_1_157' title='bbox 943 3651 1141 3728; x_wconf 90' lang='lat' dir='ltr'>dimicandi</span> 
     </span>
     <span class='ocr_line' id='line_1_26' title="bbox 157 3771 1141 3870; baseline 0.002 -25"><span class='ocrx_word' id='word_1_158' title='bbox 157 3796 268 3869; x_wconf 89' lang='lat' dir='ltr'>quam</span> <span class='ocrx_word' id='word_1_159' title='bbox 299 3772 459 3870; x_wconf 89' lang='lat' dir='ltr'>primum</span> <span class='ocrx_word' id='word_1_160' title='bbox 487 3771 527 3846; x_wconf 92' lang='lat' dir='ltr'>in</span> <span class='ocrx_word' id='word_1_161' title='bbox 556 3797 701 3870; x_wconf 83' lang='lat' dir='ltr'>campos</span> <span class='ocrx_word' id='word_1_162' title='bbox 727 3773 842 3846; x_wconf 87' lang='lat' dir='ltr'>delata</span> <span class='ocrx_word' id='word_1_163' title='bbox 866 3771 978 3847; x_wconf 74' lang='lat' dir='ltr'>aciesz</span> <span class='ocrx_word' id='word_1_164' title='bbox 1011 3771 1141 3847; x_wconf 88' lang='lat' dir='ltr'>deinde</span> 
     </span>
     <span class='ocr_line' id='line_1_27' title="bbox 157 3890 1143 3991; baseline -0.001 -24"><span class='ocrx_word' id='word_1_165' title='bbox 157 3890 326 3967; x_wconf 70' lang='lat' dir='ltr'>instrus’ra</span> <span class='ocrx_word' id='word_1_166' title='bbox 339 3891 458 3991; x_wconf 90' lang='lat' dir='ltr'>primo</span> <span class='ocrx_word' id='word_1_167' title='bbox 473 3891 535 3966; x_wconf 90' lang='lat' dir='ltr'>suo</span> <span class='ocrx_word' id='word_1_168' title='bbox 552 3892 639 3967; x_wconf 87' lang='lat' dir='ltr'>stare</span> <span class='ocrx_word' id='word_1_169' title='bbox 655 3895 749 3982; x_wconf 89' lang='lat' dir='ltr'>loco,</span> <span class='ocrx_word' id='word_1_170' title='bbox 781 3893 903 3967; x_wconf 72' lang='lat' dir='ltr'>telino</span> <span class='ocrx_word' id='word_1_171' title='bbox 921 3893 1080 3968; x_wconf 90' lang='lat' dir='ltr'>hostibus</span> <span class='ocrx_word' id='word_1_172' title='bbox 1096 3893 1143 3966; x_wconf 89' lang='lat' dir='ltr'>ad</span> 
     </span>
     <span class='ocr_line' id='line_1_28' title="bbox 158 4011 1143 4113; baseline 0.004 -28"><span class='ocrx_word' id='word_1_173' title='bbox 158 4011 409 4088; x_wconf 88' lang='lat' dir='ltr'>instruendum</span> <span class='ocrx_word' id='word_1_174' title='bbox 432 4035 555 4089; x_wconf 89' lang='lat' dir='ltr'>contra</span> <span class='ocrx_word' id='word_1_175' title='bbox 573 4011 706 4112; x_wconf 89' lang='lat' dir='ltr'>spatio:</span> <span class='ocrx_word' id='word_1_176' title='bbox 742 4011 840 4101; x_wconf 89' lang='lat' dir='ltr'>dein,</span> <span class='ocrx_word' id='word_1_177' title='bbox 870 4013 1056 4113; x_wconf 89' lang='lat' dir='ltr'>postquam</span> <span class='ocrx_word' id='word_1_178' title='bbox 1082 4015 1143 4088; x_wconf 91' lang='lat' dir='ltr'>de-</span> 
     </span>
    </p>
   </div>
   <div class='ocr_carea' id='block_1_3' title="bbox 157 4132 1144 4329">
    <p class='ocr_par' dir='ltr' id='par_1_4' title="bbox 157 4132 1144 4329">
     <span class='ocr_line' id='line_1_29' title="bbox 157 4132 1144 4234; baseline -0.003 -22"><span class='ocrx_word' id='word_1_179' title='bbox 157 4136 302 4212; x_wconf 69' lang='lat' dir='ltr'>uersare</span> <span class='ocrx_word' id='word_1_180' title='bbox 319 4135 457 4210; x_wconf 89' lang='lat' dir='ltr'>hostem</span> <span class='ocrx_word' id='word_1_181' title='bbox 475 4133 606 4210; x_wconf 88' lang='lat' dir='ltr'>sensere</span> <span class='ocrx_word' id='word_1_182' title='bbox 621 4156 796 4234; x_wconf 88' lang='lat' dir='ltr'>pugnam,</span> <span class='ocrx_word' id='word_1_183' title='bbox 828 4137 875 4209; x_wconf 90' lang='lat' dir='ltr'>ad</span> <span class='ocrx_word' id='word_1_184' title='bbox 894 4137 1027 4210; x_wconf 89' lang='lat' dir='ltr'>vallum</span> <span class='ocrx_word' id='word_1_185' title='bbox 1042 4132 1144 4211; x_wconf 83' lang='lat' dir='ltr'>sube-</span> 
     </span>
     <span class='ocr_line' id='line_1_30' title="bbox 613 4255 695 4329; baseline -0.012 0"><span class='ocrx_word' id='word_1_186' title='bbox 613 4257 652 4329; x_wconf 94' lang='lat' dir='ltr'>D</span> <span class='ocrx_word' id='word_1_187' title='bbox 668 4255 695 4328; x_wconf 91' lang='lat' dir='ltr'>d</span> 
     </span>
    </p>
   </div>
   <div class='ocr_carea' id='block_1_4' title="bbox 0 0 1541 5342">
    <p class='ocr_par' dir='ltr' id='par_1_5' title="bbox 0 0 1541 5342">
     <span class='ocr_line' id='line_1_31' title="bbox 0 0 1541 5342; baseline 0 0"><span class='ocrx_word' id='word_1_188' title='bbox 0 0 1541 5342; x_wconf 95' lang='lat' dir='ltr'> </span> 
     </span>
    </p>
   </div>
  </div>
 </body>
</html>
