3067 5342
460 705 692 779 Lraan
743 687 825 778 v'ss.
1048 729 1114 779 211

136 877 276 951 cultum
309 874 533 955 invocabant.
596 890 621 923 ‘⁶
637 869 740 954 'Eane
767 878 924 966 meritos,
959 879 1117 954 crederet

134 1005 159 1038 “
176 994 381 1094 quisquam,
398 998 512 1073 hostes
523 1019 665 1096 repente
675 1004 743 1074 fine
754 1001 869 1074 cauffa
878 997 1010 1072 fanos?
1037 1017 1113 1087 aut,

130 1119 197 1189 “fi
228 1116 320 1214 quid
345 1117 516 1193 hostiliter
543 1118 714 1208 fecissent,
744 1119 887 1194 consilio
910 1118 950 1192 id
980 1117 1108 1218 magis,

131 1245 156 1278 “
172 1261 286 1334 quarn
303 1234 420 1312 furore
437 1238 561 1337 lapsos,
588 1239 719 1330 secisse,
737 1261 779 1315 ut
795 1239 856 1316 sua
869 1259 986 1314 vetera
1002 1242 1109 1314 bene-

129 1366 154 1400 “
168 1356 266 1445 ficia,
298 1360 413 1432 locata
427 1358 627 1456 praesertim
643 1361 742 1458 apud
756 1381 832 1434 tam
852 1380 981 1458 gratos,
1009 1357 1111 1431 novis

128 1486 449 1576 “conrumperent
470 1478 679 1554 maleficiis?
711 1481 970 1577 florentemque
992 1503 1108 1576 popu·

129 1605 153 1638 “
169 1598 253 1671 lum
274 1600 486 1675 Romanum
501 1626 542 1674 ac
558 1598 796 1674 seliciffimum
813 1601 907 1675 bello
926 1596 989 1672 fibi
1008 1595 1109 1670 desu-

129 1727 153 1760 “
169 1738 312 1793 merent
325 1719 476 1807 hostem,
505 1721 606 1816 cujus
628 1718 763 1794 adflic’ti
785 1717 978 1794 amicitiam
1001 1715 1110 1814 cepis-

128 1845 152 1880 “
168 1836 276 1911 sent?
299 1864 345 1912 ne
357 1838 572 1935 adpellerent
588 1839 786 1927 confilium,
810 1864 901 1936 quae
916 1837 969 1912 vis
989 1863 1029 1912 ac
1047 1865 1108 1910 ne·

127 1967 151 2001 ‘⁴
168 1959 305 2032 ceffitas
330 1959 537 2057 adpellanda
562 1960 654 2033 effer.
703 1957 939 2033 Transeuntes
962 1956 1104 2056 agmine

128 2075 302 2151 “infesto
324 2103 386 2176 per
404 2104 529 2179 agnrm
548 2078 653 2155 suum
675 2076 962 2177 Tarquinienses,
990 2102 1108 2175 quum

129 2207 312 2294 “praeter
335 2197 431 2272 stiam
457 2197 547 2272 nihil
569 2198 744 2296 petissent,
771 2197 907 2272 traxisse
937 2194 1111 2295 quosdam

129 2327 153 2360 “
170 2316 379 2416 agrestium,
409 2317 647 2416 populationis
664 2318 752 2414 ejus,
783 2343 873 2415 quae
890 2317 952 2393 fibi
970 2314 1112 2391 crimini

129 2446 154 2480 “
173 2437 296 2524 detur,
318 2428 477 2512 comrtes.
528 2425 618 2526 Eos,¹
640 2437 700 2512 seu
715 2436 801 2511 dedi
818 2440 966 2535 placeat,
983 2436 1113 2510 dedere

131 2565 155 2600 “
174 2554 215 2629 se
247 2575 383 2654 paratos
409 2559 476 2630 esse
488 2590 500 2644 3
530 2556 589 2630 seu
616 2557 791 2656 supplicio
819 2555 940 2644 adfici,
971 2555 1115 2630 daturos

132 2685 156 2719 “
173 2699 320 2772 poenas.
370 2677 493 2764 Caere,
509 2676 696 2752 sacrarium
710 2677 835 2777 populi
852 2675 1025 2763 Romani,
1052 2676 1114 2749 de·

132 2803 156 2837 ‘⁴
174 2792 372 2869 versorium
389 2793 623 2886 sacerdotum,
646 2823 687 2872 ac
699 2799 964 2895 receptaculum
978 2797 1114 2870 Roma-

132 2924 156 2958 “
175 2939 309 2988 norum
326 2912 516 3003 sacrorum,
551 2915 724 2990 intastum
741 2915 1029 3014 inviolatumque.
1047 2914 1113 2990 cri-

132 3031 275 3107 “mine
301 3033 399 3122 belli,
429 3033 582 3133 hospitio
609 3034 804 3110 Vestalium
829 3034 1002 3135 cultisque
1033 3034 1114 3110 Diis

131 3163 157 3198 “
176 3153 337 3227 darent.''
385 3153 510 3228 Movit
524 3156 700 3253 populum
716 3181 790 3229 non
803 3177 876 3230 tam
885 3157 1001 3231 caussa
1016 3181 1114 3252 prae·

133 3272 223 3360 sens,
254 3298 364 3370 quam
389 3293 491 3347 vetus
517 3274 699 3362 meritum,
728 3295 771 3349 ut
796 3275 975 3365 maleficii,
1005 3301 1116 3375 quam

133 3391 314 3480 beneficii,
344 3393 463 3490 potius
489 3391 702 3468 inmemores
728 3396 846 3468 essent.
897 3398 1021 3494 Itaque
1043 3421 1115 3493 pax

133 3513 270 3611 populo
284 3511 414 3587 Caeriti
429 3513 523 3601 data,
541 3511 774 3612 induciasque
790 3513 828 3587 in
845 3537 992 3590 centum
1005 3542 1116 3590 annos

134 3631 241 3707 saetas
270 3631 309 3705 in
334 3630 472 3707 senatus
498 3631 700 3707 consultum
728 3632 847 3708 referri
877 3635 1022 3733 placuit.
1071 3637 1114 3709 ln

134 3750 301 3840 Faliscos,
318 3752 446 3827 eodem
459 3752 585 3826 noxios
602 3752 763 3841 crimine,
781 3751 834 3827 vis
849 3753 933 3828 belli
950 3752 1115 3828 conversa

134 3870 204 3946 est:
222 3869 285 3945 sed
300 3871 415 3946 hostes
431 3871 607 3972 nusquam
624 3871 772 3947 inventi.
822 3879 949 3974 Qrum
964 3873 1114 3972 popula·

135 3987 230 4063 tione
249 3990 422 4090 peragrati
442 3993 528 4066 lines
544 3994 666 4080 essent,
697 3997 743 4068 ab
765 3991 1033 4091 obpugnatione
1054 4017 1113 4066 ur-

136 4107 239 4186 bium
255 4132 508 4210 temperatum:
532 4111 804 4212 legionibusque
818 4115 977 4190 Romam
990 4113 1115 4188 reduc·
