3067 5342
513 724 862 798 LrsanI.
1114 748 1180 823 145

188 901 215 935 “
236 893 431 969 demersam
446 916 582 993 partem
599 924 621 969 a
635 918 732 996 parte
746 894 921 985 civitatis3
957 919 1073 993 quum
1088 894 1177 970 inte-

188 1023 214 1057 “
234 1012 303 1087 rim
317 1017 517 1090 obaeratam
533 1019 677 1115 plebem
694 1014 861 1113 objestari
877 1015 953 1095 aliis
970 1036 1077 1114 atque
1094 1016 1171 1091 aliis

186 1142 214 1177 “
231 1132 404 1211 hostibus.
454 1138 580 1211 Paflim
593 1138 669 1233 jans
683 1140 752 1211 fine
768 1138 845 1210 ullo
862 1135 1064 1212 discrimine
1081 1141 1174 1214 bella

186 1262 212 1296 “
233 1253 368 1352 quaeri.
418 1258 481 1331 Ab
508 1256 622 1330 Antio
642 1254 831 1344 Satricum,
862 1260 907 1331 ab
923 1256 1056 1333 Satrico
1075 1258 1171 1333 Veli-

182 1385 209 1417 “
230 1396 313 1462 tras,
339 1373 424 1449 inde
442 1375 642 1451 Tusculum
660 1376 818 1476 legiones
831 1377 965 1452 dudas.
1015 1377 1169 1468 Latinis,

182 1504 210 1537 “
230 1493 416 1583 Hernicis,
435 1495 666 1571 Praenestinis
676 1498 752 1594 jam
766 1496 929 1571 intentari
946 1522 1042 1571 arma
1052 1530 1064 1585 3
1083 1497 1171 1573 civi·

182 1624 210 1657 “
231 1641 296 1689 um
319 1614 433 1715 magis
450 1640 560 1714 quam
578 1616 735 1691 hostium
749 1616 859 1705 odio,
887 1616 981 1692 utin
996 1616 1101 1691 armis
1120 1640 1171 1692 te·

180 1746 208 1779 “
229 1756 308 1809 rant
317 1738 474 1833 plebem,
486 1762 551 1810 nec
565 1735 727 1835 respirare
738 1737 776 1812 in
787 1740 888 1826 urbe,
906 1759 968 1813 aut
980 1763 1042 1837 per
1051 1736 1169 1813 otium

178 1865 208 1899 “
229 1853 401 1931 libertatis
411 1855 607 1932 meminisse
624 1860 747 1947 finant,
764 1878 827 1931 aut
840 1858 1020 1933 consistere
1032 1856 1071 1933 in
1082 1882 1168 1933 con·

177 1987 207 2020 “
228 1974 346 2065 cione,
383 1976 449 2053 ubi
472 1978 665 2075 aliquando
692 1977 840 2052 audiant
865 2004 992 2052 vocem
1015 1976 1168 2053 tribuni-

176 2106 206 2138 “
228 2094 336 2183 ciam,
367 2097 413 2170 de
435 2099 586 2172 levando
607 2094 751 2171 foenore
774 2101 808 2171 δι
823 2098 894 2172 fine
910 2097 1057 2173 aliarum
1074 2098 1166 2195 inju-

175 2213 359 2290 “riarum
396 2238 571 2316 agentem.
631 2216 795 2317 Qodfi
828 2219 867 2291 srt
896 2216 1036 2291 animus
1067 2218 1164 2317 plebi

173 2348 203 2380 “
223 2362 365 2411 mernor
379 2358 521 2436 patrum
539 2336 721 2424 libertatis,
753 2334 787 2409 se
811 2362 877 2411 nec
893 2335 1014 2412 addici
1037 2364 1163 2438 quem·

174 2468 203 2501 “
228 2482 339 2554 quarn
359 2456 475 2531 civem
492 2459 702 2531 Romanum
720 2458 768 2531 ob
786 2455 957 2532 creditam
973 2458 1165 2557 pecuniam

173 2589 203 2623 “
227 2580 394 2676 passuros,
424 2602 540 2674 neque
570 2580 750 2652 <telenum
778 2576 897 2652 haberi
909 2610 922 2664 ;
948 2579 1078 2666 donec,
1110 2578 1164 2652 in·

173 2708 203 2741 “
226 2696 343 2793 spado
365 2722 443 2771 aere
469 2696 597 2786 alieno,
623 2696 783 2796 initaque
810 2697 943 2773 ratione
974 2697 1164 2773 minuendi

172 2828 202 2862 “
227 2818 314 2912 ejus,
345 2814 428 2890 sciat
453 2815 711 2915 unusquisque,
744 2816 838 2917 quid
855 2815 921 2907 sui,
949 2817 1041 2917 quid
1057 2816 1163 2892 alieni

171 2948 201 2981 “
225 2939 283 3010 fit:
308 2934 450 3035 superfit
465 2936 527 3011 srbi
549 2936 703 3011 liberum
719 2962 862 3035 corpus,
893 2964 938 3011 an
956 2937 995 3011 id
1013 2962 1161 3035 quoque

170 3067 333 3131 “nervo
359 3058 564 3132 debeatur.”
613 3060 756 3131 Merces
784 3056 965 3133 seditionis
988 3062 1162 3158 proposrta

168 3176 365 3254 confestim
382 3176 592 3252 seditionem
615 3176 793 3253 excitavit.
844 3182 941 3253 Nam
962 3181 996 3253 δι
1016 3178 1160 3253 addice·

170 3304 308 3375 bantur
324 3297 443 3385 multi,
466 3303 500 3372 ἃ
514 3298 560 3372 ad
574 3296 788 3372 Praenestini
803 3297 934 3372 faniam
951 3298 1035 3373 belli
1052 3326 1161 3375 novas

171 3417 336 3518 legiones
373 3415 571 3493 scribendas
617 3420 735 3492 Patres
776 3416 991 3494 censuerant.
1056 3425 1162 3521 Qrae

168 3562 326 3636 utraque
348 3540 449 3612 simul
470 3536 606 3613 auxilio
629 3536 876 3612 tribunicio&
895 3538 1062 3614 consensu
1082 3543 1157 3640 ple-

170 3659 231 3735 bis
258 3657 412 3757 inpediri
439 3679 576 3757 coepta.
625 3660 723 3732 Nam
749 3682 868 3755 neque
891 3658 977 3734 duci
999 3659 1160 3736 addictos

171 3777 312 3855 tribuni
339 3781 507 3868 sinebant,
535 3804 653 3877 neque
671 3778 832 3875 juniores
852 3779 998 3855 nomina
1015 3784 1159 3857 dabant.

173 3906 304 4002 Qrum
326 3898 490 3975 Patribus
510 3897 629 3973 minor
646 3898 803 3997 praesens
824 3925 910 3975 cura
928 3899 1080 3975 creditae
1098 3929 1159 4001 pc-

172 4020 303 4095 cuniae
326 4019 417 4116 juris
444 4018 673 4118 exsequendi,
704 4014 815 4119 quain
843 4020 1014 4109 delestus,
1052 4024 1156 4109 effen

148 4247 151 4252 ⁴
174 4139 312 4241 quippe
335 4142 412 4238 jam
429 4167 450 4216 a
466 4140 648 4217 Praeneste
673 4140 849 4239 profestos
871 4142 985 4217 hostes
1007 4141 1045 4218 in
1071 4168 1157 4243 agro

668 4264 705 4336 L
