3067 5342
377 620 443 669 120
704 594 1020 668 T.L1v11

378 768 470 856 sum,
485 766 804 866 obequitandoque
820 793 949 867 agmen
966 766 1091 856 teneri,
1107 710 1201 841 dum
1217 764 1358 863 adsequi

263 944 268 951 .
378 890 486 987 pedes
502 888 640 984 &justa
655 890 762 963 caede
777 890 949 963 conficere
960 887 1098 963 hostem
1116 888 1240 985 pollet.
1290 888 1360 959 Fu-

378 1034 443 1107 gae
458 1006 702 1107 sequendique
717 1034 790 1082 non
804 1029 884 1083 ante
898 1010 1040 1082 nostem
1055 1005 1139 1081 finis
1153 1005 1246 1081 fuit:
1265 1024 1363 1102 capta

379 1154 526 1227 quoque
548 1154 589 1203 ac
611 1126 749 1224 direpta
772 1129 900 1202 eodem
923 1126 982 1201 die
1006 1126 1115 1201 castra
1139 1123 1360 1211 Volscorum,

343 1322 347 1331 ,
378 1249 580 1347 praedaque
610 1246 741 1336 omnis,
772 1269 906 1347 praeter
928 1246 1038 1321 libera
1065 1270 1231 1343 corpora,
1258 1240 1361 1316 militi

379 1368 538 1442 conceffa
554 1366 614 1441 est.
645 1370 729 1442 Pars
745 1366 902 1441 maxima
918 1365 1144 1463 captivorum
1162 1390 1209 1439 ex
1226 1360 1362 1438 Latinis

379 1508 488 1584 atque
504 1486 675 1561 Hernicis
692 1486 782 1561 fuit:
813 1513 879 1562 nec
899 1486 1088 1561 hominum
1109 1486 1157 1559 de
1182 1486 1299 1581 plebe,
1323 1502 1362 1554 ut

381 1605 479 1680 credi
497 1608 608 1704 poffet
625 1610 788 1682 mercede
805 1605 978 1693 militalle‚
1004 1605 1065 1680 sed
1087 1603 1270 1703 principes
1287 1598 1362 1699 qui-

380 1726 465 1799 dam
481 1725 679 1821 juventutis
701 1725 851 1815 inventi,
879 1724 1061 1801 manifesta
1086 1727 1192 1813 fides,
1223 1718 1365 1821 publica

384 1872 453 1943 ope
468 1843 613 1921 Volscos
625 1846 740 1919 hostes
750 1846 900 1941 adjutos.
949 1846 1205 1940 Circejenfium
1220 1865 1363 1942 quoque

383 1964 534 2063 quidam
551 1964 699 2065 cogniti,
717 1970 750 2041 az
767 1966 886 2041 coloni
903 1992 925 2041 a
940 1965 1104 2040 Velitris:
1132 1967 1363 2059 Romamque

385 2112 510 2160 omnes
533 2083 621 2159 missi
648 2084 960 2182 percunctantibus
979 2083 1198 2183 primoribus
1220 2085 1363 2157 Patrum

386 2205 524 2291 eadem,
554 2229 645 2300 quae
667 2203 844 2293 didatori,
874 2203 1112 2279 defectionem
1139 2201 1193 2277 sui
1217 2198 1364 2299 quisque

385 2322 523 2420 populi,
540 2324 637 2397 baud
654 2326 818 2423 perplexe
836 2324 1046 2402 indicavere.

437 2443 539 2515 XIV.
572 2443 734 2517 Distator
760 2444 956 2519 exercitum
986 2443 1024 2517 in
1055 2440 1189 2517 stativis
1216 2442 1364 2522 tenebat,

387 2558 536 2635 minime
560 2561 705 2652 dubius,
729 2566 865 2638 bellum
893 2589 977 2638 curn
1002 2562 1057 2636 his
1083 2560 1230 2661 populis
1252 2562 1364 2633 Patres

381 2682 554 2778 juffuros3
581 2708 697 2779 quum
716 2684 825 2779 major
848 2682 949 2757 domi
974 2704 1094 2756 exorta
1115 2682 1231 2756 moles
1253 2674 1365 2774 codgit

388 2801 502 2877 adciri
531 2805 689 2877 Romam
712 2828 811 2889 eum,
838 2801 1004 2901 gliscente
1023 2801 1061 2876 in
1084 2802 1162 2875 dies
1184 2798 1362 2882 seditione,

389 2946 499 3019 quam
527 2919 628 2995 solito
657 2921 770 3020 magis
797 2923 1025 2995 metuendam
1055 2923 1180 2995 auctor
1209 2916 1363 2993 faciebat.

389 3044 477 3115 Non
500 3039 598 3115 enim
613 3042 690 3137 jam
719 3040 892 3115 orationes
917 3042 1027 3115 modo
1049 3042 1109 3114 M.
1133 3036 1280 3125 Manlii,
1310 3032 1366 3109 sed

394 3159 497 3247 faeta,
529 3157 714 3257 popularia
735 3159 773 3232 in
796 3158 962 3259 speciem,
992 3159 1213 3235 tumultuosa
1233 3158 1363 3238 eadem,

394 3306 466 3377 qua
479 3300 598 3351 mente
612 3280 747 3366 fierent,
757 3278 930 3353 intuenda
942 3302 1050 3355 erant.
1100 3278 1365 3359 Centurionem,

393 3396 553 3471 nobilem
582 3395 793 3472 militaribus
823 3397 935 3488 fadis,
966 3398 1172 3496 judicatum
1201 3394 1365 3499 pecuniae

393 3542 511 3615 quum
536 3514 622 3589 duci
637 3515 787 3605 vidiffet,
813 3518 935 3592 medio
953 3517 1031 3593 foro
1048 3546 1134 3596 curn
1154 3540 1291 3595 caterva
1311 3513 1366 3587 sua

394 3635 564 3724 adcurrit,
582 3640 617 3709 δι
634 3662 781 3711 manum
800 3637 938 3733 injecit:
957 3638 1238 3738 vociferatusque
1254 3638 1298 3710 de
1314 3630 1365 3705 su·

394 3755 518 3855 perbia
539 3759 698 3845 Parrum,
731 3783 773 3831 ac
802 3757 1008 3833 crudelitate
1035 3757 1304 3841 foeneratorum,
1333 3753 1365 3821 ἃ

396 3877 542 3953 miseriis
567 3876 692 3977 plebis,
721 3876 913 3953 virtutibus
937 3880 1012 3974 ejus
1040 3878 1107 3953 viti
1137 3876 1363 3971 fortunaques

396 4010 421 4043 “
440 4001 541 4073 Tum
570 4023 653 4073 vero
682 4001 787 4098 ego,''
830 3997 963 4096 inquit,
991 4010 1016 4045 “
1035 3998 1281 4098 nequidquam
1305 3992 1364 4065 hac
