3067 5342
464 701 674 774 Lrann
725 697 790 772 VI.
1088 702 1155 798 169

172 886 199 920 “
215 873 423 974 accipietis?
446 879 499 950 At
513 876 658 952 hercule
670 874 783 950 sermo
796 872 846 948 est
863 869 1012 948 minime
1027 873 1153 950 civilis.

172 1005 199 1040 “
217 994 349 1098 Quid?
398 995 557 1096 Rogatio
576 995 692 1096 qualis
708 995 771 1085 est,
805 1021 915 1094 quam
931 1021 952 1068 a
967 995 1070 1071 vobis
1092 1023 1153 1072 an-

172 1127 197 1160 “
216 1115 392 1215 tiquatam
419 1115 675 1216 indignantur?
720 1115 887 1204 sermoni,
915 1114 1087 1218 Qririten
1114 1119 1154 1191 fi-

171 1246 197 1282 “
214 1234 376 1312 millima.
435 1237 621 1326 Consules,
654 1235 787 1333 inquit,
819 1261 920 1336 roge,
959 1262 1005 1310 ne
1037 1235 1154 1327 vobis,

170 1367 196 1402 “
214 1381 307 1456 quos
326 1355 455 1447 velitis,
471 1357 585 1433 facere
601 1355 714 1432 liccat.
764 1363 826 1432 An
841 1355 941 1432 aliter
959 1379 1071 1458 rogat,
1089 1356 1154 1455 qui

115 1555 121 1564 ,
170 1489 197 1524 “
214 1478 344 1578 utique
363 1481 514 1554 alterum
540 1505 586 1554 err
611 1480 715 1577 plebe
731 1476 809 1552 fieri
826 1477 1008 1552 consulem
1027 1478 1153 1574 jubet3

172 1609 197 1645 ‘⁶
214 1626 283 1675 nec
299 1601 392 1675 duos
402 1597 567 1698 patricios
580 1597 722 1674 creandi
739 1597 946 1696 potestatem
958 1597 1061 1674 vobis
1077 1623 1154 1698 per·

170 1729 197 1764 “
213 1717 348 1794 mittit?
398 1718 436 1794 si
462 1718 576 1794 hodie
599 1719 693 1794 bella
714 1721 792 1808 tint,
827 1721 932 1816 quale
961 1718 1152 1794 Etruscum

170 1849 196 1886 “
214 1837 297 1928 fuit,
327 1864 444 1938 quum
471 1838 622 1914 Porsena
638 1837 847 1934 Janiculum
870 1835 998 1913 insedit
1004 1871 1016 1926 3
1048 1841 1153 1937 quale

171 1957 399 2035 “Gallicum
427 1961 551 2048 modo,
581 1985 697 2058 quum
717 1981 850 2058 praeter
866 1958 1086 2058 Capitolium
1103 1981 1154 2036 at-

171 2092 196 2125 “
213 2104 287 2180 que
303 2105 421 2156 arcem
443 2079 566 2154 omnia
586 2082 673 2154 haec
694 2079 852 2154 hostium
874 2101 984 2168 erant,
1017 2083 1051 2153 ὅτ
1068 2106 1154 2155 con·

171 2211 197 2246 “
214 2199 367 2275 sulatum
388 2226 474 2275 cum
491 2200 561 2275 hoc
587 2201 646 2274 M.
662 2199 773 2275 Furio
787 2205 822 2275 lt
844 2199 1008 2300 quolibet
1022 2199 1092 2276 alio
1109 2227 1155 2276 ex

170 2331 196 2365 “
215 2319 380 2395 Patribus
394 2323 442 2394 L
456 2318 515 2394 ille
525 2319 665 2394 Sextius
680 2341 831 2419 peteret3
856 2319 1038 2419 polletisne
1052 2321 1153 2414 ferre,
1195 2321 1199 2328 ’

170 2439 380 2517 “Sextium
412 2441 512 2527 haud
539 2465 603 2539 pro
629 2439 744 2516 dubio
774 2441 955 2516 consulem
978 2445 1058 2533 else,
1086 2445 1154 2519 Ca-

170 2561 357 2637 “millum
384 2561 429 2635 de
454 2559 591 2658 repulsa
616 2558 810 2637 dimicare?
860 2561 1029 2638 Hoccine
1050 2565 1155 2640 estin

170 2693 196 2728 “
214 2708 409 2759 commune
425 2683 576 2756 honores
593 2706 731 2770 vocare,
760 2700 803 2754 ut
818 2682 909 2756 duos
926 2681 1081 2780 plebejos
1092 2685 1153 2758 fie-

170 2802 244 2878 “ri
268 2800 428 2878 consules
453 2799 571 2890 liceat,
601 2803 692 2876 duos
722 2801 889 2899 patricios
918 2827 992 2878 non
1021 2803 1153 2877 liceat?

171 2932 198 2967 “
216 2927 252 2997 δι
276 2925 427 2998 alterum
452 2947 497 2996 ex
521 2924 625 3019 plebe
640 2921 748 2996 creari
768 2924 902 2997 necesse
926 2925 979 3012 fit,
1012 2943 1153 2998 utrum·

172 3053 197 3088 ‘⁶
214 3067 287 3140 que
315 3069 362 3118 ex
385 3042 548 3117 Patribus
573 3040 758 3141 praeterire
787 3041 914 3118 liceat?
963 3047 1153 3146 Qtaenam

173 3171 198 3205 “
215 3162 279 3236 ista
303 3161 462 3250 societas,
492 3187 668 3260 quaenam
695 3161 871 3238 consortio
897 3163 970 3238 est?
1020 3167 1153 3238 Parum

173 3292 198 3326 “
215 3282 278 3370 est,
325 3283 363 3370 fi,
394 3282 495 3379 cujus
527 3307 605 3380 pars
637 3304 701 3356 tua
731 3285 830 3358 nulla
857 3285 977 3359 adhuc
1005 3283 1087 3372 fuit,
1115 3284 1154 3359 in

173 3412 351 3500 “partem
374 3402 449 3499 ejus
472 3401 584 3490 venis,
613 3401 675 3476 nisr
699 3425 833 3501 partem
861 3405 1016 3503 petendo
1037 3426 1154 3480 totum

174 3531 199 3566 “
216 3521 381 3597 traxeris?
432 3521 578 3611 Timeo,
607 3521 740 3620 inquit,
774 3549 832 3612 ne,
867 3527 889 3598 fi
917 3528 1008 3602 duos
1030 3527 1155 3605 licebit

176 3642 323 3717 “creari
364 3640 543 3741 patricios,
578 3643 761 3718 neminem
801 3645 924 3720 creetis
959 3651 1152 3745 plebejum.

176 3771 201 3805 “
216 3761 319 3865 Qtid
333 3763 384 3838 est
405 3761 523 3837 dicere
540 3761 651 3851 aliud,
673 3762 759 3862 quia
774 3763 942 3863 indignos
957 3769 1068 3844 vestra
1090 3798 1152 3846 vo·

177 3891 201 3927 “
217 3883 352 3961 luntate
381 3883 532 3959 creaturi
559 3909 633 3959 non
662 3883 756 3972 estis,
791 3889 1024 3964 neceffitatem
1051 3892 1153 3966 vobis

178 4012 202 4046 ‘⁶
218 4003 373 4092 creandi,
407 4029 500 4102 quos
529 4030 603 4077 non
628 4003 749 4092 vultis,
781 4001 983 4104 inponam?
1049 4011 1152 4113 Qud

178 4131 203 4168 ‘⁴
219 4123 387 4223 sequitur,
413 4124 477 4204 nifr
493 4145 535 4200 ut
553 4151 597 4199 ne
613 4124 832 4202 beneficium
856 4126 1005 4225 quidem
1027 4132 1154 4209 debeat
