3067 5342
493 695 723 773 ertan
776 697 857 773 vll.
1105 724 1172 792 241

190 874 314 970 Atque
336 867 400 946 ubi
423 871 579 970 primum
606 873 750 962 inluxit,
780 872 962 972 praemiffo
976 871 1109 946 nuncio
1126 873 1172 946 ad

189 989 373 1066 consulem
387 991 425 1065 in
435 993 555 1081 castra,
570 992 707 1093 ingenti
721 993 856 1093 gaudio
868 991 1106 1068 concitantur:
1124 995 1172 1081 δι,

193 1113 312 1184 teffera
341 1113 434 1198 duta,
462 1112 660 1188 incolumes
683 1113 820 1202 reverti,
851 1113 915 1210 qui
939 1110 1000 1187 sua
1029 1137 1175 1208 corpora

192 1255 258 1329 pro
281 1229 389 1304 salute
412 1231 578 1306 omnium
594 1235 692 1306 haud
708 1233 823 1307 dubio
839 1231 997 1330 periculo
1014 1229 1172 1327 objeciff·

193 1371 268 1436 ent,
290 1376 355 1448 pro
377 1349 410 1424 se
427 1349 577 1449 quisque
595 1353 738 1427 obviam
755 1353 850 1426 effufi
876 1352 1033 1438 laudant,
1057 1371 1174 1450 gratu·

193 1469 323 1557 lantur‚
355 1470 508 1567 fingulos
531 1469 778 1570 universosque
800 1470 985 1545 servatores
1007 1469 1087 1544 suos
1112 1497 1174 1546 vo·

191 1610 294 1663 cant:
327 1587 407 1663 Diis
440 1590 561 1663 laudes
586 1590 766 1688 gratesque
794 1610 918 1689 agunt,
952 1589 1108 1666 Decium
1136 1589 1174 1666 in

193 1710 335 1782 coelum
365 1707 493 1782 ferunt.
543 1709 619 1783 Hic
647 1709 752 1784 Decii
779 1711 950 1784 castrensis
974 1709 1176 1808 triumphus

192 1827 275 1916 fuit,
322 1826 518 1902 incedentis
549 1854 611 1927 per
636 1829 754 1904 media
785 1831 891 1905 castra
921 1855 1006 1905 cum
1039 1847 1173 1903 armato

194 1946 377 2044 praefidio,
394 1929 561 2042 conjeclis
577 1947 615 2022 in
630 1973 713 2023 eum
730 1949 894 2024 omniurn
909 1949 1034 2038 oculis,
1048 1954 1083 2023 &
1096 1975 1174 2024 om-

194 2067 232 2141 ni
249 2069 381 2141 honore
396 2067 583 2141 tribunum
601 2068 735 2144 consuli
752 2068 998 2167 aequantibus,
1036 2068 1115 2143 Ubi
1129 2069 1174 2142 ad

193 2186 409 2286 praetorium
426 2209 574 2261 ventum
590 2187 653 2275 est,
680 2186 803 2262 consul
820 2189 956 2264 clallico
972 2189 1018 2262 ad
1032 2187 1175 2263 concio·

195 2333 277 2380 nem
292 2329 482 2380 convocat:
501 2305 666 2404 orsusque
682 2307 821 2382 meritas
839 2307 945 2382 Decii
958 2309 1093 2398 laudes,
1121 2307 1176 2382 in-

197 2425 342 2500 terfante
353 2425 427 2523 ipso
438 2425 567 2513 Decio,
582 2425 717 2499 distulit
726 2427 958 2501 concionem:
976 2428 1040 2526 qui
1056 2431 1178 2502 audor

198 2544 320 2619 omnia
331 2545 576 2643 posthabendi,
594 2546 683 2618 dum
697 2549 829 2620 occafio
845 2543 884 2618 in
901 2546 1065 2622 manibus
1081 2551 1177 2634 eflet,

199 2664 355 2764 perpulit
370 2657 564 2754 consulem,
590 2687 632 2739 ut
647 2665 775 2754 hostes,
806 2671 839 2740 δι
858 2668 1033 2740 nocturno
1049 2691 1177 2764 pavore

196 2783 386 2872 adtonitos,
420 2788 454 2858 a
484 2785 577 2859 circa
604 2785 731 2859 collem
760 2784 963 2859 castellatim
989 2785 1177 2884 diffipatos,

198 2897 458 3002 adgrederetur.
508 2906 660 2979 Credere
684 2903 791 2978 etiam
817 2903 967 3002 aliquos,
996 2901 1102 2978 adse
1128 2902 1178 2977 se·

200 3026 388 3122 quendum
404 3023 554 3112 emiffos,
581 3049 644 3122 per
663 3023 788 3098 saltum
810 3023 937 3122 vagari.
987 3025 1103 3118 Juffae
1128 3024 1177 3096 le·

199 3143 322 3242 giones
334 3170 431 3217 arma
446 3169 588 3240 capere:
607 3145 826 3243 egressaeque
843 3142 971 3230 castris,
986 3165 1101 3239 quum
1118 3167 1180 3240 pet

198 3266 430 3361 exploratores
445 3263 561 3337 notior
580 3265 655 3360 jam
672 3263 775 3337 saltus
792 3266 886 3350 effet,
916 3262 973 3339 via
986 3261 1178 3362 patentiore

201 3385 248 3456 ad
264 3383 399 3457 hostem
418 3385 609 3457 ducuntur.
664 3388 785 3483 Qrem
803 3383 987 3457 incautum
1005 3380 1181 3480 inproviso

196 3503 351 3590 adortae,
377 3528 493 3600 quum
521 3503 626 3600 palati
651 3505 770 3600 paffim
796 3501 1008 3577 Samnitium
1035 3502 1177 3590 milites,

196 3621 357 3721 plerique
380 3622 542 3708 inermes,
574 3647 639 3695 nec
666 3626 759 3696 co‘ire
776 3620 814 3695 in
837 3646 967 3710 unum,
995 3611 1061 3696 nec
1085 3647 1180 3696 arma

199 3766 335 3839 capere,
354 3768 419 3816 nec
433 3741 585 3839 recipere
600 3741 689 3814 intra
700 3742 833 3814 vallum
844 3739 877 3814 se
889 3743 1036 3838 pollent,
1051 3765 1180 3837 paven-

196 3878 271 3933 tem
287 3859 446 3958 primum
469 3860 507 3934 in
526 3860 633 3934 castra
647 3861 883 3959 compellunt:
915 3859 1046 3933 deinde
1072 3859 1181 3934 castra

196 3976 281 4075 ipsa,
296 3980 441 4055 turbatis
454 3978 674 4066 stationibus,
692 3977 850 4075 capiunt.
901 3976 1179 4051 Perferturcirca

196 4099 324 4175 collem
354 4101 506 4177 clamor:
538 4098 711 4200 fugatque
727 4123 773 4172 ex
791 4095 861 4171 suis
880 4120 1061 4193 quemque
1083 4120 1179 4192 prae-

182 4235 186 4240 ’
719 4218 758 4292 R
