3067 5342
491 639 722 717 Lruu'n
775 637 837 717 VI.
1114 670 1178 748 151

194 815 327 893 uorsus
355 820 568 896 maritimam
584 848 682 897 oram
705 843 812 921 atque
830 820 999 909 Antium,
1033 827 1090 924 Q
1105 826 1181 897 Ser-

194 937 305 1013 vilius
329 943 363 1013 &
386 943 434 1015 L.
462 943 646 1042 Geganius
672 945 769 1017 laeva
791 946 837 1017 ad
858 963 997 1017 montes
1017 945 1182 1017 Ecetram

196 1082 364 1159 pergunt.
414 1065 552 1137 Neutra
579 1085 675 1161 parte
701 1063 810 1138 hostis
833 1064 959 1140 obvius
982 1062 1062 1137 fuit.
1112 1064 1182 1136 Po-

197 1181 337 1278 pulatio
354 1180 473 1281 itaque
490 1209 564 1259 non
587 1183 639 1257 illi
666 1209 773 1283 vagae
793 1183 924 1272 similis,
956 1208 1064 1281 quam
1083 1181 1182 1257 Vols·

97 1360 101 1364 -
197 1327 263 1375 cus
287 1301 461 1377 latrocinii
484 1330 599 1391 more,
623 1302 798 1377 discordia
819 1304 974 1377 hostium
991 1301 1113 1390 fretus,
1147 1307 1182 1377 dc

196 1420 368 1496 virtutem
397 1444 572 1513 metuens,
606 1450 669 1521 per
696 1422 968 1521 trepidationem
987 1420 1114 1519 raptim
1133 1420 1182 1495 fe·

198 1565 293 1616 cerat
299 1575 312 1629 ;
342 1540 403 1617 sed
419 1546 464 1617 ab
481 1542 577 1639 justo
594 1543 750 1617 exercim
764 1541 858 1639 justa
880 1541 930 1615 ira
945 1540 1048 1629 facta,
1072 1540 1183 1641 spatio

198 1686 346 1760 quoque
363 1663 531 1761 temporis
547 1662 695 1762 gravior.
743 1661 891 1763 Qtippe
917 1688 938 1735 a
961 1660 1108 1749 Volscis,
1140 1661 1184 1734 ti-

197 1781 394 1871 mentibus,
424 1808 469 1856 ne
485 1781 626 1855 interim
651 1781 826 1856 exercitus
843 1784 888 1855 ab
913 1784 1033 1855 Roma
1057 1780 1183 1869 exiret,

199 1902 414 1976 incurfiones
439 1900 478 1975 in
501 1923 656 1975 extrema
672 1901 801 1975 finium
819 1900 929 1975 factae
959 1923 1071 1975 erant:
1107 1903 1184 1975 Ro-

198 2046 307 2094 mano
326 2042 450 2095 contra
465 2020 573 2095 etiam
589 2020 628 2094 in
640 2019 777 2095 hostico
793 2019 954 2095 morandi
972 2022 1085 2095 cauffa
1099 2042 1183 2108 erat,

198 2162 241 2214 ut
264 2140 401 2214 hostem
422 2141 469 2215 ad
491 2162 668 2216 certamen
697 2139 847 2215 eliceret.
897 2142 1035 2238 Itaque,
1068 2138 1184 2213 omni-

200 2264 270 2335 bus
295 2263 415 2359 passim
443 2260 542 2334 tectis
568 2285 747 2360 agrorum,
781 2258 939 2359 vicisque
968 2260 1076 2335 etiam
1103 2260 1184 2359 qui·

199 2378 353 2455 busdam
376 2380 521 2468 exustis,
551 2406 624 2454 non
650 2383 773 2454 arbore
800 2379 979 2479 frugifera,
1011 2380 1185 2457 nonsatis

202 2499 242 2574 in
254 2498 355 2598 spem
372 2498 518 2599 frugum
535 2498 675 2587 relictis,
707 2500 820 2587 omni,
853 2527 943 2598 quae
967 2521 1064 2575 extra
1088 2528 1185 2577 moe-

204 2618 263 2693 nia
283 2617 366 2707 fuit,
393 2618 584 2694 hominum
612 2621 870 2717 pecudumque
894 2621 1022 2717 praeda
1050 2623 1185 2708 ahaua,

204 2742 363 2813 Romam
379 2738 560 2837 utrimque
577 2738 751 2815 exercitus
768 2738 917 2814 reducii.
1208 2788 1210 2793 ·

254 2861 414 2933 XXXII.
443 2861 555 2932 Parvo
568 2857 750 2933 intervallo
764 2859 811 2933 ad
828 2856 1068 2957 respirandum
1085 2856 1185 2933 debi-

206 2977 341 3053 toribus
371 2980 467 3065 dato,
501 2978 688 3076 postquam
705 2979 847 3077 quietae
877 3005 930 3053 res
956 2982 1001 3053 ab
1027 2978 1186 3052 hostibus

205 3120 314 3185 erant,
344 3097 511 3173 celebrari
531 3100 577 3173 de
596 3098 735 3196 integro
745 3098 964 3195 jurisdidi03
996 3102 1030 3171 dc
1047 3120 1186 3172 tantum

205 3221 316 3293 abeffe
334 3216 407 3315 spes
419 3217 545 3297 veteris
557 3218 698 3292 levandi
715 3218 881 3307 foenoris,
913 3240 955 3293 ut
971 3218 1105 3293 tributo
1122 3243 1186 3291 no·

204 3364 291 3411 rum
315 3335 440 3411 foenus
466 3340 729 3413 contraheretur
748 3338 787 3412 in
810 3365 968 3426 murum,
994 3366 1016 3413 a
1038 3337 1187 3413 censori-

207 3460 271 3531 bus
287 3459 444 3531 locatum
459 3455 541 3531 saxo
558 3459 730 3555 quadrato
748 3456 970 3533 faciundum.
1021 3458 1092 3533 Cui
1110 3457 1187 3533 suc·

207 3581 373 3653 cumbere
406 3576 504 3651 oneri
530 3580 649 3651 coadta
677 3579 815 3675 plebes3
851 3578 947 3676 quia,
981 3602 1092 3677 quem
1125 3580 1187 3654 de·

206 3699 339 3772 lacrum
362 3696 575 3795 inpedirent,
610 3723 683 3770 non
705 3699 883 3772 habebant
905 3697 1039 3773 tribuni
1057 3698 1186 3803 plebis.

207 3816 390 3892 Tribunos
412 3816 520 3891 etiam
538 3817 704 3891 militares
720 3816 885 3914 patricios
903 3844 1040 3905 omnes,
1067 3821 1189 3893 coacta

206 3935 410 4035 principum
426 3936 568 4035 opibuS,
593 3936 691 4025 fecit,
723 3940 770 4010 L.
785 3933 999 4025 Aemilium,
1027 3940 1067 4011 P.
1086 3940 1188 4011 Vale·

206 4054 301 4131 rium
335 4079 516 4155 quartum,
562 4059 605 4131 C.
637 4056 841 4143 Veturium,
871 4058 942 4131 Ser.
976 4057 1189 4157 Sulpicium,
