3067 5342
398 665 470 758 408
715 662 1030 738 T.Lrvrr

402 857 483 908 rum
512 831 642 922 metat,
672 833 844 934 dodique
869 859 891 908 a
912 832 1066 910 ducibus
1096 853 1208 920 erant,
1235 842 1263 878 “
1281 831 1386 908 horti·

404 963 430 996 “
449 954 539 1028 dum
561 951 714 1028 militem
734 955 802 1028 effe
828 954 957 1030 debete
968 985 981 1041 ;
1015 979 1087 1028 non
1104 955 1287 1028 caelatum
1303 975 1385 1024 auro

406 1083 432 1118 “
450 1077 486 1150 δε
501 1094 660 1173 argento,
676 1072 737 1149 sed
753 1071 844 1148 ferro
861 1076 896 1149 dt
913 1069 1040 1148 anisnis
1052 1071 1193 1148 fremm.
1246 1069 1390 1172 Qtippe

406 1201 432 1238 “
449 1193 510 1268 illa
526 1193 694 1292 praedam
719 1191 851 1281 verius,
881 1216 991 1291 quam
1014 1217 1122 1279 arma,
1145 1193 1242 1280 effe3
1278 1189 1388 1266 niten-

407 1321 433 1358 ‘⁶
451 1311 500 1387 tia
517 1333 599 1390 ante
618 1339 707 1401 rem,
734 1310 908 1388 deformia
924 1309 1015 1387 inter
1030 1309 1242 1412 sanguinem
1264 1313 1299 1384 a:
1316 1307 1389 1382 vul·

407 1442 432 1479 ‘⁶
451 1457 545 1506 nera.
595 1431 775 1508 Virtutem
804 1433 871 1506 else
902 1429 1026 1507 militis
1050 1433 1176 1520 decus,
1203 1435 1240 1506 δι
1272 1426 1391 1504 omnia

408 1561 434 1596 ‘⁸
452 1550 512 1627 illa
527 1551 711 1626 victoriam
733 1549 852 1650 lequi3
884 1555 918 1625 ὅτ
940 1549 1053 1626 ditem
1071 1551 1209 1627 hostem
1228 1544 1389 1649 quamvis

407 1681 433 1716 “
450 1669 614 1769 pauperis
629 1668 771 1745 victoris
787 1669 986 1770 praemium
1012 1673 1113 1746 effe.”
1161 1669 1239 1746 His
1264 1663 1390 1744 Cursor

406 1789 557 1866 vocibus
587 1787 769 1864 instintlos
810 1788 940 1866 milites
981 1787 1020 1864 in
1061 1788 1241 1889 proelium
1280 1783 1388 1862 ducit.

409 1911 547 1986 Dextro
563 1908 635 2008 ipse
652 1935 764 1985 cornu
791 1907 962 1998 conststit3
983 1907 1115 1984 sinistro
1132 1905 1304 2006 praefecit
1319 1930 1388 1982 ma·

407 2028 557 2130 gistrum
578 2027 756 2128 equitum.
805 2027 920 2104 Simul
945 2028 996 2104 est
1015 2027 1243 2116 concursum,
1272 2025 1389 2125 ingens

408 2147 478 2224 fuit
493 2175 579 2224 cum
593 2148 692 2224 hoste
708 2167 906 2237 certamem
938 2173 1011 2224 non
1035 2145 1174 2246 segnius
1196 2147 1292 2222 inter
1317 2142 1387 2218 dic-

408 2288 557 2344 tatorem
574 2273 609 2342 &
622 2268 829 2368 magistrum
844 2267 1023 2366 equinam,
1049 2271 1094 2343 ab
1110 2289 1189 2343 utra
1204 2288 1306 2366 parte
1319 2261 1387 2338 vic·

408 2385 499 2462 toria
531 2385 712 2484 inciperet.
779 2385 879 2462 Prior
906 2385 996 2462 sorte
1028 2386 1161 2483 Junius
1193 2379 1388 2462 commovit

408 2506 558 2595 hostem,
599 2507 699 2581 laevo
736 2507 904 2580 dextrum
944 2531 1070 2596 cornu,
1106 2505 1255 2582 sacratos
1295 2523 1385 2580 more

408 2624 622 2702 Samnitium
647 2624 790 2715 milites,
820 2651 935 2724 eoque
952 2625 1106 2702 candida
1119 2627 1214 2702 veste
1243 2629 1279 2702 dr
1301 2618 1384 2722 pari·

410 2748 479 2821 bus
495 2747 648 2820 candore
664 2743 771 2820 armis
787 2744 946 2844 insignes.
997 2755 1023 2790 “
1043 2749 1117 2821 Eos
1131 2745 1165 2822 se
1182 2749 1283 2822 Orco
1299 2767 1386 2820 mac·

412 2872 439 2909 ‘⁴
456 2867 550 2940 tare'’
575 2864 707 2961 Junius
736 2863 916 2954 ditlitans,
945 2891 1060 2963 quum
1090 2864 1259 2942 intuliffet
1287 2867 1386 2962 ligna,

411 2983 568 3059 turbavit
594 2983 750 3074 ordines,
782 2989 816 3059 &
845 2985 944 3059 haud
972 2983 1086 3060 dubie
1111 2985 1242 3084 inpulit
1269 2983 1385 3060 aciem.

412 3103 525 3205 Qtod
557 3103 623 3179 ubi
651 3102 750 3179 sensit
779 3104 942 3192 dictator,
971 3108 1077 3181 “Ab
1102 3107 1248 3181 laevone
1282 3123 1385 3180 cornu

414 3235 440 3270 “
458 3222 606 3297 vitlotia
621 3221 771 3322 incipiet
781 3226 817 3298 ?”
850 3223 984 3322 inquit,
1019 3227 1097 3300 “dr
1124 3227 1294 3302 dextrum
1317 3245 1386 3300 cor·

412 3353 439 3388 ‘⁶
457 3369 522 3432 nu,
545 3341 724 3418 dictatoris
739 3341 844 3432 acies,
870 3343 1020 3418 alienam
1039 3370 1198 3444 pugnam
1214 3343 1385 3446 sequetur,

415 3471 440 3506 “
459 3487 533 3536 non
579 3483 715 3560 partem
760 3461 955 3540 maximam
1004 3461 1172 3540 victoriae
1221 3469 1332 3542 trahet
1347 3461 1385 3536 ?”

413 3581 580 3658 Concitat
607 3582 749 3658 milites.
798 3585 879 3658 Nec
905 3581 1070 3682 peditum
1098 3581 1220 3659 virtuti
1241 3584 1384 3687 equites,

413 3723 476 3777 aut
491 3704 689 3802 legatorum
705 3701 821 3777 studia
842 3702 998 3780 ducibus
1019 3705 1163 3780 cedunt
1213 3709 1273 3782 M.
1291 3705 1386 3782 Vale·

414 3821 525 3897 riusa
550 3824 690 3912 dextro,
720 3825 761 3898 l’.
789 3821 924 3898 Decius
945 3826 992 3897 ab
1010 3823 1110 3899 laevo
1133 3851 1258 3918 comu,
1287 3827 1386 3904 ambo

415 3940 625 4030 consulares,
657 3943 704 4016 ad
736 3939 875 4040 equites
902 3942 940 4018 in
973 3943 1140 4020 cornibus
1165 3950 1292 4044 pofitos
1314 3967 1384 4022 eve·

414 4064 566 4138 huntur:
594 4061 841 4163 adhortatique
867 4087 941 4152 eos,
970 4084 1012 4138 ut
1035 4086 1171 4165 partem
1193 4065 1312 4144 secum
1333 4049 1384 4141 ca·
