3067 5342
382 707 450 804 308
713 703 760 776 T.
809 671 1027 774 Llrvtr

384 900 441 952 tur
453 875 629 974 flagitium
645 899 757 961 aures,
786 871 892 948 minis
906 871 1071 958 territare,
1101 889 1209 966 atque
1223 865 1365 942 idemti-

385 999 469 1070 dem
493 997 682 1068 admonere
709 993 892 1068 fortunae:
924 991 1112 1090 postremo,
1133 1014 1251 1086 quum
1268 986 1367 1086 inge-

387 1114 530 1189 nuitatis
546 1112 671 1212 magis,
701 1139 811 1211 quam
828 1109 1013 1210 praesentis
1029 1106 1259 1193 conditionis,
1294 1134 1368 1179 me-

386 1259 522 1308 morem
546 1233 693 1320 videret,
728 1231 854 1306 nudari
866 1232 983 1326 jubet,
1016 1231 1230 1325 verberaque
1254 1226 1370 1302 adfer-

387 1351 427 1426 ri.
477 1352 622 1454 Qtibus
644 1354 812 1426 laceratus
820 1349 976 1446 juvenis,
1004 1375 1120 1448 quum
1136 1347 1171 1422 se
1197 1347 1234 1420 in
1248 1345 1368 1446 publi-

387 1499 472 1547 cum
519 1470 753 1570 proripuiffet,
812 1469 1000 1544 libidinem
1049 1466 1370 1565 crudelitatemque

387 1617 607 1692 conquerens
638 1589 883 1676 foeneratoris;
926 1589 1052 1688 ingens
1080 1587 1133 1660 vis
1162 1587 1371 1675 hominurn,

385 1737 501 1808 quum
535 1709 894 1784 aetatis-miseratione
912 1730 1018 1807 atque
1045 1705 1258 1805 indignitate
1275 1706 1370 1802 inju-

386 1829 456 1904 riae
483 1828 637 1918 accensa,
674 1851 753 1904 tum
778 1828 858 1902 suae
888 1827 1105 1903 conditionis
1141 1827 1372 1922 liberquue

386 1948 530 2026 suorum
547 1949 702 2050 respectu
730 1948 768 2023 in
790 1947 908 2023 forum
922 1981 934 2036 3
967 1969 1074 2045 atque
1099 1947 1197 2034 inde,
1225 1946 1372 2046 agmine

388 2067 494 2158 fado,
525 2071 571 2143 ad
595 2067 729 2144 curiam
756 2067 944 2142 concurrit.
995 2071 1043 2142 Et
1065 2094 1181 2166 quum
1196 2063 1372 2155 consules,

386 2191 545 2263 tumultu
573 2187 757 2284 repentino
775 2186 901 2274 coaeti,
931 2185 1089 2260 senatum
1105 2207 1287 2273 vocarent,
1315 2184 1371 2259 in-

389 2307 611 2382 troeuntibus
631 2306 669 2381 in
686 2306 820 2380 curiam
839 2305 1002 2380 Patribus
1019 2307 1210 2380 laceratum
1224 2305 1371 2402 juvenis

388 2447 542 2526 tergum,
578 2429 850 2524 procumbentes
864 2427 911 2499 ad
925 2427 1142 2524 fingulorum
1160 2426 1282 2524 pedes,
1316 2424 1371 2498 os-

387 2548 579 2623 tentabant.
629 2544 776 2620 Victum
792 2573 835 2620 eo
862 2545 921 2619 die
943 2549 992 2620 ob
1010 2545 1229 2643 inpotentem
1247 2544 1371 2641 injuri-

387 2694 445 2742 am
472 2665 580 2740 unius
608 2665 732 2764 ingens
761 2664 949 2739 vinculum
979 2663 1081 2737 fidei:
1104 2665 1259 2762 juffique
1282 2691 1369 2739 con-

388 2786 477 2861 sules
492 2784 580 2860 ferre
601 2787 647 2860 ad
670 2787 860 2884 populum,
891 2811 936 2858 ne
963 2783 1056 2882 quis,
1088 2784 1150 2858 nisi
1181 2782 1246 2882 qui
1277 2809 1369 2857 nort·

390 2932 448 2980 am
471 2903 660 2994 meruisset,
691 2906 805 2979 donec
832 2930 985 3001 poenam
1007 2905 1131 2993 lueret,
1165 2903 1204 2978 in
1226 2930 1371 3003 compe·

388 3023 496 3098 dibus
517 3045 579 3097 aut
601 3022 639 3097 in
659 3049 765 3098 nervo
792 3045 990 3098 teneretur:
1021 3023 1195 3121 pecuniae
1212 3024 1368 3098 creditae

388 3147 484 3220 bona
524 3143 708 3232 debitoris,
750 3169 824 3217 non
855 3169 997 3240 corpus,
1040 3143 1241 3219 obnoxium
1274 3147 1370 3219 effen

388 3266 442 3338 Ita
475 3263 557 3337 nexi
592 3262 716 3352 soluti;
761 3285 979 3361 cautumque
1012 3263 1048 3338 in
1086 3263 1280 3362 posterum,
1323 3291 1371 3341 ne

387 3385 621 3456 meterentur.

442 3504 582 3576 XXIX.
616 3504 755 3576 Eodem
783 3530 889 3592 anno,
923 3529 1038 3602 quum
1064 3501 1143 3578 satis
1170 3501 1289 3602 perse
1316 3503 1371 3605 ip-

388 3617 466 3695 sum
490 3620 703 3695 Samnitium
725 3625 859 3697 bellurn
883 3627 916 3697 δι
940 3622 1093 3698 ἀεῐεᾶἰο
1110 3650 1234 3722 repens
1251 3627 1370 3698 Luca·

389 3767 531 3826 norum,
561 3739 787 3838 audoresque
810 3741 1018 3816 defectionis
1042 3743 1226 3819 Tarentini
1244 3743 1371 3819 sollici-

390 3882 444 3934 tos
462 3861 629 3934 haberent
645 3861 775 3948 Patres,
800 3865 947 3950 acceffit,
963 3883 1005 3936 ut
1018 3867 1056 3955 ,ἃ
1073 3863 1239 3938 Vestinus
1254 3889 1370 3962 popu-

390 3980 444 4053 lus
470 3976 686 4053 Samnitibus
711 3977 778 4052 sese
796 3981 1036 4082 conjungeret.
1085 3989 1189 4084 Qtae
1212 4011 1265 4060 res
1281 3987 1368 4086 ficut

389 4125 432 4176 eo
449 4123 541 4171 anno
555 4095 774 4173 sermonibus
791 4099 904 4201 magis
918 4105 1039 4199 paffim
1056 4102 1247 4178 hominum
1259 4104 1368 4200 jadia-
