3067 5342
419 772 489 860 164
745 766 1060 843 T.L1v11

417 961 553 1028 turum,
575 939 846 1039 exercitumque
871 940 1050 1039 extemplo
1068 962 1113 1013 ex
1138 939 1229 1011 urbe
1244 934 1393 1009 eductu.
1516 974 1517 979 =

415 1084 507 1134 rum.
557 1064 745 1136 Terrorem
759 1061 941 1160 ingentem
956 1058 1142 1136 incusserat
1152 1053 1248 1154 plebi
1261 1087 1274 1142 ;
1291 1052 1394 1129 duci-

416 1180 485 1253 bus
496 1179 610 1278 plebis
618 1180 781 1255 accendit
794 1180 906 1279 magis
916 1178 1107 1258 certamine
1116 1175 1268 1263 animos,
1286 1200 1394 1273 quam
1516 1226 1517 1237 r

416 1296 559 1373 minuit.
608 1303 693 1390 Sed,
716 1328 755 1377 re
779 1321 904 1375 neutro
931 1299 1110 1388 inclinata,
1138 1295 1339 1396 magistratu
1363 1293 1397 1368 se

415 1420 617 1509 abdicavit,
645 1420 703 1497 seu
721 1421 808 1519 quia
820 1419 909 1495 vitio
924 1442 1060 1495 creatus
1077 1436 1162 1507 erat,
1178 1438 1220 1491 ut
1236 1415 1396 1515 scripsere

415 1539 585 1637 quidam:
613 1540 673 1615 seu
690 1540 777 1640 quia
796 1539 931 1619 tribuni
947 1538 1060 1637 plebis
1083 1540 1241 1613 tulerunt
1263 1538 1309 1611 ad
1324 1536 1397 1633 ple-

415 1662 512 1748 bem,
531 1659 641 1759 idque
658 1663 758 1758 plebs
776 1659 887 1747 scivit,
906 1682 959 1747 ut,
974 1662 996 1733 fi
1014 1661 1073 1733 M.
1091 1657 1221 1732 Furius
1237 1682 1302 1756 pro
1319 1655 1398 1730 dic·

414 1800 524 1853 tatore
541 1780 632 1878 quid
645 1780 779 1879 egisset,
801 1779 1040 1881 quingentum
1057 1776 1213 1853 millium
1231 1776 1263 1851 ei
1284 1776 1400 1851 multa

415 1900 509 1973 esset.
558 1901 629 1973 Sed
653 1898 817 1997 auspiciis
841 1898 967 1999 magis,
990 1924 1100 1998 quarn
1127 1897 1212 1973 novi
1239 1897 1398 1994 exempli

413 2020 608 2116 rogatione,
627 2018 834 2093 deterritum
850 2040 892 2092 ut
904 2018 1023 2116 potius
1040 2020 1196 2106 credam,
1212 2042 1329 2115 quum
1343 2016 1400 2115 ip.

413 2140 479 2210 srus
489 2136 554 2211 viri
571 2136 655 2214 sacit
671 2137 870 2235 ingenium,
895 2158 973 2211 tum
987 2139 1088 2239 quod
1103 2136 1136 2213 ei
1153 2137 1333 2213 subfectus
1348 2138 1400 2211 est

414 2258 595 2351 extemplo
616 2260 658 2334 P.
676 2256 838 2331 Manlius
855 2257 1021 2335 metator:
1049 2284 1159 2357 quem
1177 2256 1270 2356 quid
1287 2258 1400 2333 creari

413 2374 595 2455 adtinebat
615 2376 663 2451 ad
682 2375 721 2449 id
737 2398 929 2466 certamen,
955 2404 1029 2475 quo
1056 2380 1114 2451 Μ.
1134 2377 1262 2453 Furius
1279 2376 1399 2459 victus

412 2496 519 2569 effer?
547 2499 581 2568 δι
608 2498 709 2594 quod
735 2499 906 2573 eumdem
933 2500 991 2573 M.
1010 2496 1161 2573 Furium
1185 2497 1398 2573 distatorem
1516 2490 1517 2499 ἶ

413 2612 600 2713 insequens
614 2640 728 2689 annus
753 2616 892 2705 habuit,
920 2619 1018 2695 haud
1043 2620 1112 2691 srne
1138 2618 1277 2715 pudore
1302 2638 1399 2693 certe

412 2732 564 2809 fratum
579 2733 694 2833 priore
711 2762 804 2811 anno
822 2735 859 2811 in
877 2736 910 2815 se
928 2736 1119 2835 imperium
1143 2736 1396 2837 reperitumm=

411 2855 514 2927 simul
541 2856 643 2952 quod
668 2881 712 2928 eo
741 2876 912 2954 tempore,
946 2881 1021 2953 quo
1052 2857 1320 2957 promulgatum
1350 2860 1397 2933 de

412 2974 526 3049 multa
541 2975 616 3071 ejus
632 2973 794 3063 traditur,
821 2996 882 3059 aut
902 2980 934 3051 δι
953 2975 1038 3057 huic
1056 2974 1245 3075 rogationi,
1271 2976 1396 3075 quase

412 3092 452 3171 in
468 3092 632 3169 ordinem
648 3093 730 3193 cogi
747 3094 904 3183 videbat,
925 3096 1084 3171 obsistere
1101 3096 1242 3194 potuit;
1270 3118 1333 3171 aut
1350 3123 1396 3175 ne

412 3211 488 3289 illas
501 3212 664 3310 quidem,
681 3235 824 3311 propter
840 3240 927 3313 quas
945 3219 979 3291 δι
998 3217 1085 3291 haec
1102 3218 1270 3305 lauerat,
1293 3216 1395 3315 inpe-

411 3331 509 3409 dire:
541 3336 588 3420 &,
606 3334 728 3437 quoad
744 3332 857 3433 usque
873 3336 920 3409 ad
936 3334 1146 3413 memoriam
1163 3336 1316 3412 nostram
1334 3337 1395 3413 tri-

412 3448 568 3527 buniciis
578 3450 888 3551 consularibusque
903 3476 1075 3529 certatum
1088 3454 1222 3539 viribus
1236 3458 1299 3547 est,
1317 3456 1395 3535 dic-

412 3590 546 3658 taturae
563 3567 697 3666 semper
714 3570 818 3647 altius
833 3572 1013 3675 fastigium
1031 3574 1111 3659 suit.

461 3692 641 3765 XXXIX.
666 3691 763 3769 Inter
786 3692 938 3789 priorem
961 3694 1171 3777 dictaturam
1191 3696 1394 3775 abdicatam

412 3834 615 3907 novamque
632 3836 653 3885 a
669 3810 811 3886 Manlio
828 3812 967 3903 initam,
985 3820 1030 3897 ab
1048 3816 1198 3892 tribunis
1215 3819 1314 3893 velut
1331 3844 1395 3915 pet

411 3929 654 4029 interregnum
668 3930 822 4006 concilio
835 3933 949 4033 plebis
960 3935 1095 4025 habitu,
1107 3936 1283 4035 adparuit,
1298 3963 1393 4036 quae

410 4076 456 4125 ex
478 4050 710 4149 promulgatis
732 4052 843 4150 plebi,
870 4080 961 4154 quae
984 4056 1153 4132 latoribus
1172 4056 1323 4157 gratiora
1341 4057 1392 4131 es,

409 4168 495 4245 sent.
544 4172 642 4245 Nam
663 4172 709 4247 de
726 4170 868 4249 foenore
886 4195 992 4273 atque
1009 4202 1093 4276 agro
1117 4178 1313 4278 rogationes
1331 4178 1390 4274 ju·
