3067 5342
357 647 426 742 298
688 643 1002 718 T.L1vtr

356 815 472 892 castra
522 814 578 891 Ibi
603 815 784 914 optimum
809 817 924 892 visum
941 815 1110 892 Cornelio
1137 813 1261 890 stativa
1275 816 1338 888 ba·

356 937 450 1010 bere.
500 938 562 1011 Ab
589 959 743 1036 utroque
760 938 916 1026 consule,
942 935 1112 1036 exiguam
1127 934 1225 1034 spem
1241 934 1340 1035 pacis

356 1081 441 1131 cum
456 1053 672 1131 Samnitibus
689 1059 770 1146 effe,
796 1058 922 1132 certior
936 1060 976 1131 fit
992 1055 1141 1130 senams.

405 1177 545 1252 XXIII.
570 1174 759 1266 Publilius,
787 1179 864 1252 duo
892 1177 1006 1252 millia
1017 1177 1244 1252 Nolanorum
1270 1172 1342 1248 mi-

355 1293 460 1370 litum
478 1299 510 1370 δι
529 1316 683 1395 quatuor
698 1295 927 1388 Samnitium,
955 1296 1070 1397 magis
1098 1293 1251 1371 Nolanis
1276 1319 1340 1368 co-

355 1415 536 1516 gentibus,
575 1442 686 1515 quam
719 1419 900 1492 voluntate
931 1421 1166 1505 Graecomm,
1199 1437 1342 1514 recepta

356 1535 585 1634 Palaepolim,
614 1533 767 1611 miserat:
798 1537 998 1627 Cornelius,
1025 1539 1207 1613 delectum
1220 1534 1339 1610 indic-

356 1679 434 1731 tum
460 1683 482 1730 a
507 1654 779 1756 magistratibus,
804 1657 1008 1734 universum
1027 1657 1215 1734 Samnium
1245 1683 1340 1732 erec·

356 1795 448 1864 tum,
475 1801 517 1849 ac
547 1774 685 1851 vicinos
713 1781 878 1876 populos,
911 1779 1165 1867 Privernatem,
1194 1778 1341 1852 Funda-

356 1922 531 1995 numque,
561 1901 596 1970 &
614 1897 859 1986 Formianum,
888 1900 988 1973 haud
1012 1897 1182 1998 ambigue
1210 1895 1340 1972 sollici-

358 2016 433 2092 tari.
476 2019 538 2093 Ob
555 2018 640 2093 haec
656 2043 772 2117 quum
788 2020 920 2116 legatos
936 2017 1032 2093 mitti
1044 2017 1227 2116 placuisset
1240 2017 1341 2116 prins

356 2141 402 2214 ad
419 2137 604 2224 Samnites,
621 2161 730 2236 quam
748 2139 884 2212 bellum
897 2140 1015 2226 fieret,
1039 2135 1244 2236 responsum
1259 2138 1339 2211 red·

358 2257 456 2333 ditur
490 2259 535 2331 ab
568 2255 787 2332 Samnitibus
819 2256 931 2332 ferox.
990 2259 1099 2332 Ultro
1131 2256 1342 2333 incusabant

358 2375 499 2472 injurias
522 2376 789 2450 Romanorum:
824 2403 941 2478 neque
964 2405 1008 2454 eo
1024 2377 1271 2479 neglegentius
1286 2404 1339 2466 ea,

359 2521 450 2596 quae
494 2494 571 2593 ipsis
616 2495 862 2591 objicerentur,
906 2503 1116 2599 purgabant.
1182 2501 1341 2573 “Haud

359 2617 477 2689 “ullo
493 2613 641 2714 publico
658 2616 801 2691 consilio
814 2616 1026 2693 auxiliove
1011 2620 1129 2716 juvari
1161 2623 1338 2695 Graecos.

361 2747 386 2782 “
405 2762 471 2810 nec
489 2737 706 2811 Fundanum
725 2737 999 2815 Formianumve
1025 2767 1048 2814 a
1078 2739 1112 2814 se
1126 2738 1341 2814 sollicitatos.

361 2868 386 2902 “
403 2853 550 2958 Qtippe
576 2855 725 2931 minime
742 2858 922 2955 poenitere
937 2858 1021 2934 se
988 2858 1119 2934 virium
1136 2858 1291 2948 suarum,
1317 2863 1343 2936 fi

361 2990 385 3024 “
404 2977 540 3053 bellum
556 2977 701 3074 placeat.
732 2979 900 3053 Cetentm
917 3004 992 3053 non
1004 2980 1099 3078 poffe
1116 2979 1342 3068 dissimulare,

361 3111 505 3198 “aegre
531 3095 605 3193 pati
622 3097 800 3172 civitatem
817 3097 1045 3187 Samnitium,
1069 3101 1172 3197 quod
1200 3101 1343 3198 Fregal-

361 3231 386 3266 ‘⁸
404 3221 467 3307 las,
497 3243 543 3292 ex
559 3217 694 3293 Volscis
710 3240 828 3316 captas
845 3217 1047 3317 dimtasque
1063 3222 1110 3294 ab
1125 3218 1174 3307 se,
1203 3218 1342 3294 restitu-

361 3351 387 3384 “
405 3339 471 3414 erit
487 3340 674 3413 Romanus
690 3341 857 3437 populus,
883 3339 1135 3438 coloniamque
1150 3338 1190 3413 in
1205 3340 1343 3415 Samni·

362 3471 387 3505 “
406 3459 498 3534 tium
513 3485 597 3557 agro
614 3458 818 3555 inposuerit,
849 3485 958 3559 quam
981 3459 1099 3534 coloni
1117 3485 1242 3534 eorum
1258 3463 1289 3533 F
1290 3487 1343 3534 re·

361 3591 387 3625 “
406 3581 512 3680 gellas
539 3579 727 3675 adpellent.
779 3580 870 3653 Eam
887 3579 921 3654 se
937 3580 1194 3654 contumeliam
1219 3578 1344 3676 injuri-

361 3711 387 3746 “
404 3723 548 3798 amque,
567 3694 604 3770 ni
618 3697 680 3772 fibi
694 3700 738 3772 ab
757 3697 812 3787 iis,
831 3699 894 3798 qui
912 3698 1071 3788 fecerint,
1097 3701 1271 3788 dematur,
1288 3701 1343 3799 ip·

360 3831 386 3867 “
402 3818 455 3895 sos
471 3817 572 3894 omni
588 3817 624 3890 vi
641 3817 846 3915 depulsuros
862 3821 963 3894 effe.''
1009 3825 1138 3922 Qrum
1155 3822 1345 3894 Romanus

360 3944 496 4041 legatus
510 3939 557 4012 ad
571 3935 842 4035 disceptandum
858 3965 918 4012 eos
933 3941 980 4014 ad
996 3965 1207 4016 communes
1232 3937 1343 4014 socios

360 4081 467 4160 atque
482 4057 616 4134 amicos
631 4079 788 4134 vocaret:
816 4068 841 4103 “
853 4058 957 4159 Qtid
972 4062 1138 4162 perplexe
1152 4059 1292 4161 agimus
1301 4061 1343 4134 ?”
