3067 5342
377 705 418 777 18
705 701 1024 776 T.Lrv11

375 887 501 976 “erga
529 874 676 974 patriam
707 875 866 949 dicerent
892 872 1051 947 senatum
1081 871 1167 948 fore.
1217 873 1360 948 Placere

376 1007 401 1040 “
420 1019 553 1085 autem,
589 995 757 1069 omnibus
784 993 839 1068 his
869 992 1106 1067 voluntariam
1132 1014 1232 1066 extra
1262 993 1359 1068 ordi-

377 1128 504 1190 “nem
534 1115 687 1213 profeffis
719 1113 883 1190 militiam
909 1140 988 1188 aera
1018 1115 1244 1210 procedere.'’
1311 1117 1362 1186 Et

377 1235 490 1334 equiti
509 1259 624 1310 certus
641 1260 810 1308 numerus
826 1233 913 1307 aeris
935 1233 986 1306 est
999 1234 1208 1332 adsignatus.
1258 1236 1361 1308 Tum

376 1354 533 1454 primum
549 1355 650 1454 equis
667 1381 799 1429 merere
816 1354 953 1451 equites
966 1374 1171 1451 coeperunt.
1221 1355 1363 1426 Volun-

378 1475 485 1550 tatius
513 1478 642 1549 duetus
674 1473 851 1549 exercitus
877 1475 982 1570 Vejos
1008 1501 1082 1548 non
1107 1472 1228 1547 amiffa
1249 1475 1363 1548 modo

378 1594 527 1670 restituit
560 1621 677 1693 opera,
718 1592 777 1668 sed
811 1621 903 1668 nova
933 1593 1039 1668 etiam
1072 1592 1235 1668 instituit.
1299 1597 1364 1668 Ab

378 1719 466 1791 urbe
492 1736 709 1792 commeatus
732 1714 934 1802 intentiore,
961 1741 1070 1812 quam
1096 1735 1211 1801 antea,
1236 1712 1362 1787 subve-

378 1837 416 1910 hi
445 1861 547 1922 cura;
575 1835 728 1934 nequid
751 1857 824 1910 tam
847 1839 939 1910 bene
966 1833 1093 1908 merito
1119 1833 1291 1908 exercitui
1316 1835 1364 1906 ad

380 1955 484 2028 usum
502 1957 641 2029 dceIIet.

429 2078 527 2150 VIII.
554 2074 744 2174 Insequens
767 2101 880 2150 annus
905 2074 1068 2148 tribunos
1092 2073 1253 2148 militum
1277 2099 1364 2147 con-

381 2193 482 2268 sulari
509 2193 677 2292 potestate
702 2194 829 2269 habuit
853 2197 896 2270 C.
913 2193 1103 2270 Servilium
1120 2195 1273 2268 Ahalam
1296 2215 1363 2267 ter·

382 2314 487 2402 tium,
524 2320 581 2415 Q
599 2313 801 2401 Servilium,
825 2317 872 2388 L.
899 2313 1119 2412 Virginium‚
1147 2314 1365 2415 QSulpici·

380 2461 459 2521 um,
486 2439 533 2509 A.
557 2434 739 2508 Manlium
763 2433 906 2521 iterum,
935 2437 1006 2508 Μ’.
1028 2433 1193 2532 Sergium
1222 2433 1364 2510 iterum.

382 2553 454 2629 His
467 2553 632 2642 tribunis,
658 2556 747 2628 dum
762 2581 846 2628 cura
858 2553 1023 2630 omnium
1038 2554 1075 2628 in
1086 2554 1214 2650 Vejens
1227 2557 1364 2630 bellum

265 2733 268 2737 .
382 2674 516 2749 intenta
527 2675 590 2762 est,
614 2677 818 2774 neglectum
838 2673 980 2748 Anxuri
991 2674 1201 2773 praesidium
1213 2675 1367 2750 vacatio-

383 2795 489 2870 nibus
511 2795 682 2882 militum,
709 2801 743 2869 δι
766 2795 912 2870 Volscos
938 2818 1147 2870 mercatores
1173 2797 1285 2894 vulgo
1311 2821 1366 2869 re-

383 2918 570 3015 ceptando
601 2915 749 3014 proditis
773 2937 915 3014 repente
939 2937 1120 3012 portarum
1143 2915 1366 3010 custodibus,

382 3037 584 3135 obpreffum
602 3035 661 3110 est.
712 3035 841 3110 Minus
858 3035 1015 3110 militum
1032 3036 1149 3135 periit,
1167 3036 1253 3135 quia
1268 3063 1368 3134 prae·

384 3178 435 3231 ter
449 3181 568 3255 aegros
582 3156 734 3230 lixarum
759 3155 797 3229 in
813 3159 965 3231 modum
980 3183 1104 3231 omnes
1121 3184 1184 3256 per
1196 3183 1298 3255 agros
1313 3157 1367 3230 vi-

384 3276 549 3375 cinasque
566 3280 672 3351 urbes
690 3275 972 3374 negotiabantur.
1022 3281 1104 3351 Nec
1121 3276 1218 3374 Vejis
1237 3277 1367 3351 melius

384 3395 479 3495 gesta
511 3421 577 3481 res,
621 3397 722 3492 quod
755 3417 834 3470 tum
861 3418 969 3494 caput
1004 3395 1170 3471 omniurn
1199 3422 1367 3474 curarunt

384 3515 610 3615 publicarum
640 3537 722 3590 erat.
773 3519 870 3592 Nam
900 3521 934 3590 &
963 3518 1073 3591 duces
1101 3516 1260 3591 Romani
1287 3519 1370 3615 plus

384 3636 475 3710 inter
491 3633 524 3709 se
541 3634 685 3723 irarum,
712 3661 822 3734 quam
841 3634 1003 3712 adversus
1016 3637 1133 3712 hostes
1153 3637 1278 3724 animi,
1304 3639 1367 3710 ha-

384 3760 555 3840 buerunr;
592 3759 790 3838 &auctum
806 3757 857 3830 est
883 3759 1020 3831 bellum
1041 3760 1197 3832 adventu
1215 3759 1368 3856 tepenti-

385 3903 433 3950 no
443 3875 680 3974 Capenatium
693 3896 800 3974 atque
815 3874 1042 3951 Faliscorum.
1093 3878 1149 3952 Hi
1167 3880 1242 3952 duo
1261 3881 1368 3952 Etru-

386 3995 456 4070 riae
485 3995 623 4095 populi,
651 3995 737 4093 quia
752 3995 908 4094 proximi
935 3997 1079 4096 regione
1109 4022 1219 4086 erant,
1247 3999 1369 4075 devic-

386 4115 431 4194 tis
442 4115 550 4213 Vejis,
582 4119 675 4192 bello
694 4142 840 4216 quoque
858 4119 1027 4190 Romano
1045 4117 1078 4191 se
1094 4119 1277 4217 proximos
1295 4119 1370 4195 fore
1406 4115 1410 4123 ’
