3067 5342
478 712 514 785 L
539 737 554 784 1
583 737 603 786 a
632 735 654 784 a
682 734 706 784 a
757 713 857 789 VIII.
1101 738 1170 812 303

195 890 365 962 Romano
374 887 468 962 bello
478 885 619 962 fortuna
635 912 719 962 eum
735 886 916 976 abstinuit,
940 907 1071 975 tamen,
1086 887 1173 986 quia

195 1007 234 1084 in
252 1007 352 1084 Italia
373 1009 465 1082 bella
482 1011 591 1107 gestit,
625 1006 747 1106 paucis
769 1007 894 1082 diinIe
917 1007 1061 1083 satisfit.

245 1129 367 1202 XXV.
418 1129 559 1202 Eodem
597 1153 690 1202 anno
729 1128 980 1204 lectisternium
1019 1133 1173 1220 Rornae,

195 1246 326 1346 quinto
358 1247 436 1345 post
468 1247 649 1322 conditam
682 1250 823 1336 urbem,
862 1247 1000 1336 iisdem,
1043 1250 1175 1348 quibus

82 1391 87 1398 ·
195 1387 290 1456 ante,
316 1365 497 1465 placandis
519 1365 681 1442 habitum
705 1367 755 1442 est
778 1367 869 1443 Diis.
892 1451 896 1461 ¹
919 1367 1018 1443 Novi
1043 1369 1174 1445 deinde

194 1485 355 1565 consules
376 1488 473 1584 juffu
499 1486 623 1587 populi
646 1512 762 1584 quum
788 1487 964 1576 mififfent,
987 1489 1051 1586 qui
1080 1489 1174 1565 indi-

196 1629 315 1682 cerent
331 1606 551 1683 Samnitibus
571 1608 706 1682 bellum
714 1640 725 1694 3
761 1612 794 1682 δι
810 1607 870 1706 ipsa
884 1609 1013 1705 majore
1029 1632 1173 1701 conatu,

195 1751 306 1827 quam
323 1727 485 1802 adversus
506 1730 672 1815 Graecos,
702 1729 831 1803 cunsta
846 1731 1013 1825 parabant
1019 1763 1031 1817 3
1058 1730 1176 1806 &alia

195 1874 289 1924 nova
318 1847 409 1922 nihil
440 1869 519 1922 tum
545 1846 665 1922 animo
696 1848 762 1922 tale
792 1847 1008 1946 agitantibus
1029 1855 1175 1928 acceffe-

196 1990 279 2046 runt
294 1967 437 2044 auxilia
487 1967 628 2042 Lucani
654 1989 759 2067 atque
777 1967 903 2066 Apuli,
931 1969 1063 2069 quibus
1090 1999 1176 2071 gen-

197 2089 293 2166 tibus
310 2088 400 2164 nihil
421 2091 468 2163 ad
494 2114 572 2162 eam
602 2085 701 2161 diem
726 2114 812 2162 cum
841 2091 1010 2163 Romano
1042 2095 1177 2192 populo

197 2210 323 2299 fuerat,
367 2209 405 2284 in
433 2210 544 2283 fidem
576 2229 761 2296 venerunt,
802 2233 898 2282 arma
929 2207 1092 2310 virosque
1130 2216 1178 2289 ad
1269 2299 1273 2310 ‚

197 2326 335 2408 bellum
360 2328 578 2427 pollicentes.
629 2329 786 2403 Foedere
812 2353 895 2427 ergo
918 2327 957 2404 in
984 2331 1177 2408 amicitiam

197 2449 346 2548 accepti.
397 2451 538 2523 Eodem
567 2467 724 2546 tempore
751 2447 858 2522 etiam
884 2449 922 2522 in
951 2451 1096 2526 Samnio
1125 2480 1178 2529 res

198 2568 360 2669 prospere
378 2568 483 2667 gesta
533 2567 620 2642 Tria
642 2567 776 2667 oppida
791 2567 829 2642 in
854 2569 1059 2668 potestatem
1073 2600 1178 2649 vene·

197 2711 295 2779 runt,
315 2689 458 2777 Allifae,
491 2687 651 2776 Callifae,
683 2685 884 2762 Ruffrium:
919 2687 1078 2788 aliusque
1095 2719 1178 2792 ager

194 2809 316 2910 primo
342 2811 497 2884 adventu
514 2807 700 2884 consulum
728 2809 834 2906 longe
859 2811 998 2908 lateque
1025 2811 1075 2886 est
1100 2838 1177 2912 per-

199 2929 360 3006 vastatus.
410 2932 497 3004 Hoc
515 2930 609 3004 bello
632 2949 705 3002 tam
728 2927 887 3027 prospere
907 2928 1104 3021 commiffo,
1129 2937 1178 3008 al·

200 3049 266 3125 teri
305 3075 453 3148 quoque
491 3051 599 3138 bello,
640 3073 713 3146 quo
753 3048 880 3123 Graeci
918 3052 1178 3143 obfidebantur,

193 3171 270 3268 jam
287 3167 368 3244 finis
390 3170 520 3243 aderat.
569 3171 680 3256 Nam,
705 3188 949 3268 praeterquam
979 3175 1092 3269 quod,
1125 3174 1178 3249 in-

199 3287 355 3388 terseptis
378 3287 610 3363 munimentis
636 3288 805 3376 hostium,
836 3315 913 3387 pars
929 3291 1020 3386 parti
1036 3292 1178 3370 abscilsa

200 3431 285 3500 erat,
311 3409 470 3486 foediora
497 3408 680 3508 aliquanto
704 3406 794 3483 intra
818 3435 939 3484 muros
964 3409 1021 3500 iis,
1045 3413 1178 3511 quibus

201 3531 309 3607 hostis
322 3529 512 3618 territabat,
547 3527 785 3628 patiebantur:
817 3533 851 3604 &
867 3530 966 3603 velut
982 3530 1075 3629 capti
1091 3532 1179 3607 asu-

202 3650 382 3750 ismetipsrs
411 3649 599 3750 praefidiis,
627 3647 776 3748 indigna
794 3649 871 3746 jam
892 3647 1010 3724 liberis
1032 3677 1178 3751 quoque

202 3799 243 3847 ac
260 3770 488 3871 conjugibus,
502 3774 550 3844 ’ἃ
579 3795 669 3869 quae
695 3790 877 3868 captarum
902 3770 1049 3847 urbium
1068 3793 1180 3873 extre-

202 3891 380 3981 malunt,
405 3889 637 3990 patiebantur.
687 3891 811 3988 Itaque
837 3915 966 3988 quum,
996 3895 1030 3966 δι
1059 3917 1082 3965 a
1109 3895 1180 3967 Ta-

203 4032 303 4086 rento
320 4017 354 4086 &
384 4009 655 4098 aSanmitibus,
681 4008 776 4084 fama
803 4012 898 4098 effet,
929 4037 1022 4085 nova
1048 4013 1180 4089 auxilia

202 4151 361 4221 ventura,
400 4130 615 4208 Samnitium
645 4133 738 4229 plus,
772 4155 883 4228 quam
908 4133 1052 4222 vellent,
1092 4132 1182 4209 intra
