3067 5342
358 651 428 747 398
698 651 1015 724 T.Lrvrr

356 835 382 868 “
409 824 554 900 vincula
569 823 655 900 duci
672 825 839 922 jubebo,
858 851 937 914 nec,
956 849 1072 924 quum
1091 823 1140 898 ita
1155 846 1333 920 compara-

356 953 383 988 “
400 967 480 1018 turn
505 971 527 1020 a
555 943 747 1042 majoribus
774 949 825 1033 stt,
854 967 907 1034 ut,
935 943 1089 1022 comitiis
1103 941 1267 1020 censoriis
1280 939 1341 1014 nifi

356 1065 476 1138 “duo
503 1063 721 1140 confecerint
741 1065 903 1165 legitima
918 1063 1092 1164 suffragia,
1122 1089 1195 1138 non
1213 1087 1340 1136 renun-

356 1193 382 1227 “
400 1181 494 1258 clato
507 1185 616 1262 altero
628 1183 775 1260 comitia
788 1185 1007 1272 differantur,
1020 1209 1087 1284 ego
1101 1206 1149 1271 te,
1168 1182 1233 1282 qui
1247 1180 1340 1255 solus

356 1315 382 1348 “
399 1303 520 1379 censor
537 1304 646 1380 creari
668 1331 741 1379 non
758 1307 873 1404 pollis,
897 1303 1011 1380 solum
1028 1301 1208 1380 censuram
1223 1327 1342 1402 gerere

356 1435 382 1469 ‘⁴
400 1424 544 1524 patiar.”
594 1427 699 1501 Haec
716 1423 869 1524 taliaque
896 1449 1014 1522 quum
1032 1423 1186 1510 dixisset,
1214 1421 1341 1520 prendi

360 1543 553 1632 censorem,
572 1544 651 1620 &in
665 1544 809 1620 vincula
824 1544 910 1618 duci
921 1546 1028 1642 jussrt.
1047 1543 1341 1643 Adprobantibus

355 1663 414 1740 sex
446 1663 600 1738 tribunis
625 1664 804 1740 adionem
833 1666 1000 1764 collegae,
1047 1685 1115 1738 tres
1148 1661 1340 1762 adpellmrti

356 1784 479 1884 Appio
505 1782 641 1860 auxilio
663 1782 832 1872 suerunt,
860 1783 1071 1884 summaque
1097 1783 1235 1862 invidia
1261 1809 1340 1860 om·

355 1903 458 1980 nium
475 1903 645 1978 ordinum
660 1903 753 1979 solus
770 1903 952 1980 censuram
970 1907 1079 2004 geffit.

404 2027 565 2100 XXXV.
583 2027 684 2099 Dum
696 2052 736 2098 ea
748 2027 887 2106 Romae
902 2047 1086 2124 geruntur,
1094 2027 1170 2122 jarn
1180 2023 1339 2098 Sutrium

353 2149 398 2220 ab
424 2143 581 2222 Etruscis
606 2147 853 2221 obfidebatur:
879 2143 1090 2242 consulique
1111 2143 1238 2231 Fabio,
1259 2142 1340 2218 imis

354 2264 540 2343 montibus
568 2264 714 2339 ducenti
745 2266 792 2339 ad
815 2263 997 2348 serendam
1014 2289 1120 2363 opem
1137 2263 1240 2340 sociis
1263 2287 1337 2340 ten-

352 2382 546 2482 tandasque
563 2383 794 2472 munitiones,
829 2389 932 2483 siqua
941 2386 1063 2484 pollet,
1077 2383 1169 2460 acies
1183 2385 1336 2460 bostium

354 2503 522 2580 instructa
544 2503 726 2592 obcurrit,
752 2529 909 2602 quorum
936 2505 1117 2606 ingentem
1136 2505 1337 2580 multimdi·

355 2649 438 2698 nem
475 2649 591 2723 quum
625 2624 823 2700 ostenderet
863 2623 1017 2721 subjecta
1049 2629 1116 2700 late
1150 2625 1337 2722 planiciem

354 2742 489 2833 consul,
533 2765 574 2820 ut
604 2747 685 2819 loco
715 2744 931 2843 paucitatem
962 2745 1106 2822 suorum
1145 2747 1336 2844 adjuvaret,

353 2865 463 2940 flectit
487 2867 689 2963 paullulum
708 2864 746 2939 in
764 2865 875 2941 clivos
892 2893 1036 2966 agmen,
1070 2865 1217 2966 (aspreta
1240 2889 1336 2942 erant

354 2983 456 3059 strata
468 2984 572 3080 saxis)
592 2986 677 3061 inde
690 2989 785 3086 figna
796 2985 832 3060 in
843 2987 980 3062 hostem
990 2986 1153 3062 obvertit.
1182 2987 1335 3076 Etrusci,

354 3105 533 3194 omniurn,
550 3128 795 3204 praeterquam
813 3106 1055 3182 multitudinis
1068 3105 1161 3195 suae,
1180 3133 1253 3206 qua
1268 3107 1337 3183 sola

353 3225 432 3300 sreti
448 3247 558 3315 erant,
572 3225 799 3316 inmemores,
823 3226 999 3326 proelium
1016 3225 1141 3301 ineunt
1154 3229 1244 3304 adeo
1260 3257 1335 3328 rap-

353 3345 420 3420 tim
437 3351 472 3419 δι·
492 3345 609 3434 avide,
636 3368 690 3434 ut,
714 3346 858 3442 abjectis
875 3346 1071 3436 missilibus,
1096 3373 1170 3446 quo
1190 3350 1336 3424 celen'us

355 3491 482 3540 manus
504 3465 736 3554 consererent,
760 3466 968 3566 stringerent
993 3467 1143 3566 gladios,
1170 3472 1335 3544 vadentes

350 3585 549 3669 inhostem.
587 3588 776 3661 Romanus
789 3609 910 3662 contra
923 3615 1020 3662 nunc
1035 3591 1115 3677 tela,
1133 3615 1229 3665 nunc
1241 3589 1331 3679 saxa,

353 3706 487 3806 quibus
502 3733 563 3781 eos
578 3704 727 3780 adfatim
743 3709 843 3780 locus
870 3706 942 3806 ipse
958 3711 1131 3796 armabat,
1166 3707 1333 3808 ingerere.

351 3827 467 3929 Igitur
493 3826 592 3902 scuta
621 3828 812 3925 galeaeque
839 3827 927 3900 idlae
950 3853 1065 3926 quum
1089 3827 1209 3916 etiam,
1244 3854 1333 3928 quos

353 3973 426 4022 non
442 3950 721 4034 vulneraverant,
744 3949 939 4035 turbarent,
974 3954 1107 4047 (neque
1130 3947 1245 4024 subire
1263 3971 1335 4033 erat

352 4067 454 4172 facile
468 4069 514 4142 ad
531 4065 733 4166 propiorem
745 4093 918 4168 pugnarn,
944 4093 1060 4166 neque
1078 4067 1215 4152 millilia
1227 4071 1333 4147 habe·
