3067 5342
387 677 459 750 300
718 651 1033 726 T.L1v11

380 849 451 922 que
485 821 709 898 criminando
742 824 914 903 feeemnt.
964 831 1099 903 “Nam
1124 851 1241 925 neque
1263 824 1372 902 facile

381 954 406 986 “
425 941 525 1017 fuiffe
540 942 578 1018 id
591 943 720 1020 vitium
734 946 846 1036 nosci,
860 972 976 1047 quum
992 946 1116 1022 consul
1128 946 1244 1022 oriens
1259 949 1370 1021 noste

383 1062 561 1138 “silentio
584 1061 718 1138 diceret
741 1065 970 1142 didatorem:
1001 1092 1120 1165 neque
1145 1070 1190 1142 ab
1220 1066 1371 1142 consule

378 1194 403 1227 “
423 1183 591 1282 cuiquam
608 1185 752 1282 publice
768 1185 978 1286 privatimve
1010 1188 1056 1260 de
1078 1213 1119 1260 ea
1134 1212 1170 1262 re
1193 1185 1371 1284 scriptum

379 1315 404 1346 “
421 1305 509 1378 elle:
544 1329 610 1379 nec
639 1329 860 1406 quemquam
888 1305 1093 1381 mortalium
1120 1306 1265 1394 exstare,
1296 1305 1369 1405 qui

379 1432 404 1466 “
422 1421 456 1498 se
472 1421 595 1498 vidisse
622 1445 684 1500 aut
709 1425 843 1500 audisse
872 1426 966 1525 quid
991 1427 1100 1514 dicat,
1126 1426 1228 1524 quod
1249 1423 1371 1524 auspi-

378 1541 522 1619 “cium
548 1543 749 1620 dirimeret:
780 1533 899 1645 neque
927 1572 1077 1646 augures
1104 1545 1263 1620 divinare
1288 1547 1372 1619 Ro-

379 1673 502 1738 “mae
529 1662 688 1740 sedentes
717 1665 879 1766 potuisse,
907 1665 999 1764 quid
1025 1665 1064 1740 in
1089 1665 1208 1741 castris
1229 1663 1373 1738 consuli

380 1791 406 1826 “
424 1781 504 1856 vitii
518 1785 722 1860 obveniffet.
773 1786 843 1861 Cui
869 1812 943 1860 non
971 1787 1148 1885 adparere,
1173 1787 1275 1882 quod
1291 1786 1371 1882 ple-

379 1912 404 1947 “
423 1903 523 2000 bejus
541 1903 691 1980 dislator
707 1908 758 1993 srt,
779 1905 819 1979 id
840 1904 971 1980 vitium
983 1903 1181 2006 auguribus
1196 1903 1372 1978 visum?''

378 2025 482 2098 Haec
511 2023 650 2124 aliaque
683 2028 727 2100 ab
757 2023 909 2099 tribunis
941 2025 1189 2126 nequidquam
1215 2025 1368 2120 jauata:

377 2163 495 2218 tamen
522 2145 569 2218 ad
595 2144 837 2244 interregnum
861 2171 914 2218 res
940 2143 1048 2218 redit:
1083 2143 1271 2242 dilatisque
1297 2145 1369 2219 alia

379 2284 486 2361 atque
503 2264 570 2337 alia
586 2264 631 2336 de
649 2266 763 2338 cauffa
779 2263 947 2350 comitiis,
981 2262 1286 2362 quartusdecimus
1302 2265 1369 2338 de-

381 2407 485 2455 mum
503 2382 657 2457 interrex
673 2385 719 2456 L.
738 2382 916 2457 Aemilius
933 2381 1092 2458 consules
1108 2404 1202 2458 creat
1214 2385 1257 2457 C.
1275 2386 1369 2458 Poe-

376 2501 516 2592 telium,
535 2506 582 2577 L.
600 2501 785 2600 Papirium
803 2494 1062 2601 Mugillanum.
1111 2501 1300 2578 Cursorem
1324 2502 1366 2576 in

378 2622 454 2698 aliis
470 2621 656 2698 annalibus
673 2621 829 2696 invenie.

426 2745 566 2818 XXIV.
594 2743 735 2817 Eodem
751 2767 846 2816 anno
862 2741 1118 2818 Alexandriam
1138 2742 1177 2816 in
1195 2747 1367 2840 Aegypto

374 2863 558 2962 proditum
577 2861 781 2950 conditam,
812 2863 1147 2961 Alexandrumque,
1182 2861 1284 2960 Epiri
1310 2888 1365 2936 re·

374 3009 471 3083 gem,
489 2985 534 3057 ab
552 2980 669 3056 exsule
687 2983 839 3056 Lucano
855 2981 1095 3069 intersestum,
1114 2981 1220 3056 sortes
1235 2982 1365 3056 Dodo·

375 3101 451 3178 naei
469 3101 570 3197 Jovis
586 3120 715 3174 eventu
733 3102 938 3175 adfirmaffe.
989 3100 1125 3176 Adcito
1138 3104 1184 3176 ab
1199 3099 1367 3176 Tarenti-

374 3221 428 3296 nis
445 3221 482 3298 in
500 3220 638 3296 Italiam
656 3221 737 3294 data
752 3220 865 3294 dictio
888 3242 972 3308 erat,
1007 3231 1184 3295 “caveret
1201 3222 1366 3295 Acheru·

375 3352 400 3385 “
419 3345 501 3414 sram
518 3367 648 3440 aquam
665 3342 944 3437 Pandofiamque
956 3343 1100 3414 urbem:
1127 3339 1179 3414 ibi
1195 3338 1274 3414 fatis
1290 3339 1366 3436 ejus

375 3471 400 3504 “
419 3459 613 3534 terminum
629 3458 739 3533 dari.'’
788 3461 916 3558 quue
934 3456 1035 3532 ocius
1052 3458 1221 3532 tranmistt
1237 3457 1276 3531 in
1293 3461 1364 3533 Ita-

373 3579 471 3669 liam,
498 3601 666 3677 utquam
684 3575 838 3652 maxime
856 3579 980 3677 procul
996 3580 1125 3653 abeffet
1151 3582 1241 3654 urbe
1271 3581 1364 3653 Pan-

372 3702 467 3775 dosra
489 3697 526 3772 in
550 3697 713 3795 Epiro&
732 3699 937 3772 Acheronte
954 3696 1065 3785 amni,
1085 3723 1196 3796 quem
1214 3724 1259 3772 ex
1276 3702 1364 3773 Mo·

373 3821 492 3896 loffide
509 3821 680 3892 fluentem
698 3816 736 3890 in
749 3817 872 3916 stagna
888 3815 1024 3892 inferna
1037 3818 1169 3917 accipit
1184 3817 1360 3917 Thespro-

371 3940 441 4015 tius
458 3943 561 4014 smus.
611 3939 782 4010 Ceterum
809 3941 867 4033 (ut
882 3934 992 4010 ferme
1009 3935 1185 4035 fugiendo
1214 3936 1253 4011 in
1285 3963 1361 4011 me·

372 4059 432 4136 dia
447 4057 518 4134 sata
532 4055 661 4149 ruitur)
689 4081 806 4156 quum
822 4055 921 4156 saepe
952 4055 1104 4132 Bruttias
1122 4053 1359 4157 Lucanasque
