3067 5342
487 701 718 774 Linea
771 699 837 772 IX.
1106 723 1175 800 397

202 885 228 918 “
245 872 321 948 est?
336 871 499 948 Poenitet
514 872 625 962 enim,
640 875 741 972 quod
757 870 1039 972 antiquissimum
1050 871 1186 949 sollem-

202 1003 228 1036 “
246 1018 305 1082 ne,
334 997 368 1067 u
394 991 509 1068 solum
524 997 571 1068 ab
587 992 676 1093 ipso,
704 993 763 1069 cui
782 997 835 1082 fit,
862 993 1065 1070 institutum
1091 998 1185 1085 Deo,

204 1123 230 1158 “
247 1118 294 1189 ab
316 1113 538 1191 nobiliffimis
560 1111 775 1190 antistitibus
802 1115 876 1211 ejus
899 1113 984 1191 sacri
1011 1115 1057 1190 ad
1074 1109 1186 1192 servo·¹

204 1245 328 1309 “rum
361 1233 597 1310 ministerium
632 1233 814 1335 religiosus
841 1233 962 1310 censor
995 1235 1187 1312 deduxisti.

204 1367 231 1402 “
250 1360 349 1430 Gens
364 1355 545 1454 antiquior
561 1354 761 1456 originibus
774 1354 872 1430 urbis
889 1355 1008 1452 hujus,
1034 1355 1189 1456 hospitio

205 1487 232 1521 “
251 1479 414 1552 Deorum
428 1475 671 1551 inmortalium
684 1475 812 1564 sancia,
829 1497 1018 1575 propterte
1031 1503 1072 1552 ac
1089 1497 1187 1554 tuam

206 1597 430 1673 “censuram
455 1596 547 1672 intra
573 1623 709 1672 annum
731 1601 777 1674 ab
800 1595 905 1698 stirpe
934 1597 1090 1672 extinsla
1114 1597 1186 1674 est:

204 1729 231 1762 ‘⁸
250 1717 312 1792 nis
328 1718 527 1794 universam
543 1716 804 1816 rempublicam
821 1744 864 1793 eo
879 1717 1013 1794 nefario
1037 1719 1188 1795 obstrin-

206 1849 232 1882 “
250 1837 356 1928 aeris,
390 1839 492 1937 quod
508 1836 659 1940 ominari
676 1838 784 1914 etiam
810 1837 1015 1914 reformidat
1036 1839 1188 1916 animus.

206 1969 232 2002 “
251 1962 350 2034 Urbs
367 1984 410 2032 eo
419 1957 527 2032 lustro
541 1979 642 2056 capta
654 1957 716 2047 est,
743 1984 832 2058 quo,
850 1959 1038 2035 demortuo
1056 1963 1192 2062 collega

206 2091 233 2125 “
252 2082 294 2155 C.
313 2078 413 2174 Julio
426 2085 579 2166 censore,
605 2082 652 2152 L.
669 2078 831 2178 Papirius
847 2077 990 2170 Cursor,
1019 2069 1062 2155 ne
1079 2081 1190 2158 abiret

208 2211 234 2245 “
252 2199 470 2299 magistratu,
499 2201 556 2274 M.
575 2199 784 2274 Cornelium
802 2199 1090 2300 Maluginensem
1117 2203 1189 2277 col-

209 2332 235 2366 “
253 2323 371 2420 legam
389 2319 601 2419 subrogavit.
653 2323 702 2394 Et
725 2340 860 2418 quanto
887 2320 1079 2398 modestior
1095 2322 1190 2398 illius

207 2439 430 2541 “cupiditas
454 2439 536 2529 fuit,
567 2467 676 2547 quam
703 2461 778 2529 tua,
813 2441 939 2541 Appi?
973 2446 1054 2518 Nec
1084 2441 1190 2533 solus,

208 2573 234 2607 ‘⁴
252 2589 318 2638 nec
340 2564 434 2638 ultra
449 2547 594 2636 finitum
613 2563 692 2660 lege
708 2582 850 2661 tempus
867 2565 913 2636 L.
930 2562 1091 2662 Papirius
1108 2591 1189 2638 cen·

210 2683 370 2758 “suram
397 2685 508 2782 gestit,
542 2703 660 2757 tamen
678 2681 861 2756 neminem
887 2681 1036 2772 invenit,
1064 2684 1130 2782 qui
1159 2684 1192 2759 se

208 2814 234 2848 “
251 2804 371 2904 postea
391 2806 572 2877 audorem
599 2801 811 2902 sequeretur.
861 2805 997 2878 Omnes
1024 2803 1191 2905 deinceps

210 2937 236 2970 ‘⁸
255 2925 413 3002 censores
425 2923 505 3023 post
520 2946 673 2998 mortem
689 2925 845 3024 collegae
863 2923 896 2998 se
913 2924 1117 3024 magistratu
1130 2930 1190 3003 ab·

211 3045 431 3120 “dicarunt
498 3046 568 3133 Te,
595 3071 661 3120 nec
685 3047 788 3143 quod
810 3043 886 3118 dies
916 3046 990 3120 exit
1014 3045 1191 3136 censurae,
1235 3139 1239 3144 Ι
1332 3093 1336 3102 -

209 3176 236 3210 “
254 3192 321 3240 nec
338 3167 440 3264 quod
452 3167 588 3265 collega
599 3165 803 3264 magistratu
818 3165 917 3252 abiit,
943 3193 1008 3241 nec
1025 3169 1096 3255 lex,
1124 3193 1191 3242 nec

102 3270 107 3276 ’
210 3296 237 3330 “
255 3288 373 3385 pudor
389 3295 551 3361 codrcet:
583 3285 752 3360 virtutem
770 3285 807 3358 in
822 3285 995 3382 superbia,
1029 3286 1067 3360 in
1084 3289 1191 3362 auda·

211 3416 239 3450 ‘⁴
256 3405 325 3494 cia,
353 3404 391 3480 in
410 3426 595 3480 contemtu
614 3407 776 3480 Deorum
793 3404 1055 3505 hominumque
1077 3409 1192 3507 ponis.

212 3537 239 3570 “
258 3529 340 3624 Ego
365 3547 413 3614 te,
431 3531 503 3622 Ap.
520 3524 656 3614 claudi,
684 3551 749 3623 pro
772 3525 870 3602 istius
889 3527 1108 3626 magistratus
1120 3557 1193 3606 nra-

214 3657 240 3690 “
252 3635 375 3744 jestate
389 3672 429 3720 ac
446 3645 673 3734 verecundia,
698 3671 809 3744 quem
826 3645 965 3746 geffisti,
992 3673 1066 3722 non
1082 3643 1194 3724 modo

214 3778 240 3812 “
258 3793 367 3841 manu
382 3765 569 3853 violatum,
584 3763 645 3840 sed
662 3792 707 3840 ne
716 3770 827 3842 verbo
840 3765 989 3867 quidem
1001 3763 1203 3844 inclemen-¹

213 3899 240 3932 ‘⁸
258 3886 341 3962 tiori
357 3913 378 3960 a
394 3913 452 3960 me
469 3887 686 3985 adpellatum
697 3889 846 3961 vellem:
865 3887 924 3962 sed
941 3889 1086 3979 &baem
1105 3917 1196 3991 quae

181 4046 186 4054 ·
214 4019 240 4052 “
258 4009 377 4083 adhuc
403 4005 476 4107 egi,
509 4005 708 4105 pervicacia
733 4028 795 4080 tua
821 4007 859 4080 dc
889 4005 1051 4106 superbia
1078 4014 1197 4114 co'e'git

213 4139 239 4173 “
258 4155 317 4204 me
348 4127 475 4227 loqui,
504 4132 552 4217 ἃ,
580 4126 643 4202 nifi
671 4126 847 4202 Aemiliae
873 4128 944 4229 legi
962 4133 1130 4228 parueris,
1158 4136 1195 4210 in
