3067 5342
515 721 552 794 L
577 745 591 792 r
621 745 641 794 a
670 745 692 794 a
719 743 743 793 n
795 719 894 792 VIII.
1099 739 1165 816 271

194 893 430 982 centuriones,
457 893 678 968 vexillarium
703 919 819 968 unum
846 894 1008 967 habebat.
1056 888 1174 964 Prima

195 1013 286 1090 acies
302 1013 424 1087 hastati
442 1035 551 1100 erant,
575 1014 747 1112 manipuli
764 1011 985 1111 quindecim,
1009 1009 1173 1084 distantes

196 1133 287 1207 inter
300 1132 333 1207 se
351 1132 536 1208 modicum
554 1131 725 1232 spatium:
758 1132 961 1230 manipulus
975 1134 1067 1205 leves
1080 1129 1175 1204 vice-

196 1280 260 1326 nos
293 1251 435 1339 milites,
467 1251 570 1326 aliam
600 1255 740 1326 turbam
772 1251 986 1326 scutatorum
1013 1252 1176 1324 habebat.
1240 1278 1243 1283 ·

197 1373 312 1446 Leues
329 1393 461 1460 autem,
494 1371 559 1470 qui
582 1352 713 1446 hastam
736 1391 875 1446 tantum
892 1369 1061 1470 gaesaque
1078 1395 1174 1468 gere·
1236 1456 1239 1461 ¹

197 1511 287 1579 rent,
301 1493 527 1566 vocabantur.
576 1494 681 1566 Haec
704 1491 819 1590 prima
843 1489 938 1565 frons
964 1489 1001 1564 in
1018 1489 1092 1564 acie
1111 1492 1176 1564 flo-

199 1636 272 1684 rem
293 1610 469 1706 juvenum
486 1608 755 1708 pubescentium
773 1613 818 1684 ad
836 1609 999 1687 militiam
1014 1612 1175 1684 habebat.

200 1726 395 1802 Robustior
412 1728 495 1802 inde
518 1751 609 1803 aetas
626 1729 776 1804 totidem
790 1729 1067 1833 manipulorum,
1098 1728 1178 1828 qui-

200 1851 267 1922 bus
279 1847 499 1946 principibus
517 1847 566 1921 est
580 1875 723 1935 nomen,
746 1849 811 1922 hos
827 1847 1075 1946 sequebantur,
1099 1847 1176 1923 scu-

201 1966 264 2040 tati
286 1993 422 2055 omnes,
449 1967 641 2067 insignibus
667 1967 823 2042 maxime
848 1966 963 2044 armis.
1013 1968 1099 2042 Hoc
1119 1965 1179 2043 tri·

201 2087 299 2187 ginta
332 2086 596 2183 manipulorum
626 2113 752 2185 agmen
783 2086 999 2186 antepilanos
1028 2087 1179 2184 adpella-

201 2211 300 2294 bant,
322 2204 408 2304 quia
422 2203 486 2281 sub
503 2205 606 2305 fignis
626 2207 702 2302 jam
718 2206 776 2280 alii
805 2205 1014 2305 quindecim
1038 2205 1180 2282 ordines

200 2329 427 2402 locabantur:
446 2352 491 2400 ex
507 2325 640 2422 quibus
654 2327 742 2400 ordo
758 2324 1000 2424 unusquisque
1017 2347 1084 2404 tres
1100 2352 1178 2424 par·

203 2469 253 2522 tes
272 2449 435 2524 habebat.
486 2447 618 2520 Earum
639 2470 931 2544 unamquamque
953 2445 1110 2542 primum
1127 2445 1180 2545 pi·

202 2569 279 2644 lum
309 2569 494 2642 vocabant.
557 2563 690 2640 Tribus
729 2589 775 2638 ex
816 2565 954 2639 vexillis
990 2566 1180 2642 constabat.

204 2687 386 2761 Vexillum
413 2703 558 2759 centum
587 2685 768 2782 ostoginta
797 2682 855 2758 sex
883 2683 1044 2758 homines
1073 2709 1181 2761 erant.

203 2805 364 2881 Primum
395 2803 568 2879 vexillum
604 2803 737 2879 triarios
772 2807 938 2891 ducebat,
977 2823 1181 2880 veteranum

204 2924 354 3000 militem
393 2923 562 3023 spectatae
595 2923 754 2997 virtutis:
800 2923 996 3000 secundum
1025 2924 1182 3013 rorarios,
1300 2965 1306 2974 ·

205 3044 324 3120 minus
342 3042 477 3118 roboris
491 3064 601 3118 aetate
616 3043 804 3142 factisque:
838 3044 982 3119 tertium
1007 3044 1182 3135 accensos,

205 3164 373 3240 minimae
392 3163 545 3239 fiduciae
568 3190 724 3238 manum.
777 3167 833 3238 Eo
858 3168 892 3238 br
915 3164 953 3238 in
973 3164 1182 3263 postremam

205 3285 317 3360 aciem
343 3284 598 3381 rejiciebantur.
649 3283 727 3359 Ubi
754 3282 810 3358 his
839 3282 1025 3359 ordinibus
1051 3284 1183 3359 exerci-
1299 3315 1304 3319 ·

206 3425 262 3479 tus
280 3403 467 3478 instruslus
479 3407 574 3492 esset,
589 3403 710 3479 hastati
724 3403 888 3478 omnium
904 3402 1010 3500 primi
1025 3429 1184 3503 pugnam

207 3523 353 3600 inibant.
404 3524 440 3598 Si
457 3523 579 3598 hastati
594 3523 778 3622 profligare
794 3523 931 3606 hostem
947 3548 1020 3608 non
1036 3527 1199 3623 poffent,

207 3645 298 3741 pede
323 3647 433 3744 prelio
457 3671 517 3718 eos
542 3645 796 3718 retrocedentes
825 3643 863 3728 in
886 3644 1065 3720 intervalla
1089 3643 1184 3718 ordi·

208 3789 297 3836 num
333 3763 508 3863 principes
550 3761 775 3860 recipiebant.
845 3766 882 3838 T
882 3791 947 3838 um
984 3764 1186 3863 principum

208 3909 329 3983 pugna
361 3905 432 3958 erat
444 3918 455 3973 ;
501 3882 623 3958 hastati
655 3881 897 3982 sequebantur.
963 3881 1092 3956 Triarii
1122 3881 1186 3958 sub

208 4003 345 4092 uexillis
358 4005 595 4092 confidebant,
626 4003 757 4092 finistro
774 4029 874 4077 crure
888 4004 1059 4100 perred0,
1090 4001 1187 4079 scuta

207 4122 321 4202 innisa
342 4123 511 4214 humeris,
537 4123 648 4202 hastas
674 4122 832 4198 subresla
858 4119 1002 4220 cuspide
1031 4120 1070 4196 in
1100 4143 1188 4198 terra
