3067 5342
485 672 716 750 Lrnan
768 662 831 751 Vl.
1082 680 1161 775 165.

167 846 313 933 bebant,
328 843 374 919 de
389 838 528 946 plebejo
541 846 724 923 consulatu
737 846 980 946 antiquabant.
1008 848 1056 921 Et
1069 872 1145 945 per-

165 963 260 1039 fecta
278 984 430 1065 utraque
450 992 503 1043 res
518 971 614 1057 effer,
644 968 682 1043 ni
698 967 835 1042 tribuni
857 965 891 1043 se
908 965 946 1039 in
963 966 1084 1041 omnia
1106 970 1145 1041 fi-

164 1085 242 1159 mul
257 1084 437 1160 consulere
453 1091 596 1187 plebem
611 1089 788 1164 dixiffent.
844 1091 885 1162 P.
903 1084 1065 1161 Manlius
1082 1087 1143 1160 de-

162 1204 249 1279 inde
264 1205 415 1281 dictator
430 1233 504 1281 rem
522 1208 560 1281 in
577 1211 729 1284 cauffam
743 1208 858 1307 plebis
875 1204 1071 1294 inclinavit,
1100 1208 1143 1281 C.

162 1323 325 1413 Licinio,
355 1326 419 1424 qui
449 1326 614 1404 tribunus
637 1328 795 1403 militum
824 1328 950 1415 fuerat,
977 1324 1143 1425 magistro

161 1444 329 1543 equitum
350 1448 397 1521 de
418 1448 522 1547 plebe
545 1449 653 1524 dicto.
703 1451 747 1523 Id
768 1475 870 1549 aegre
892 1452 1011 1523 Panes
1030 1447 1142 1545 paffos

160 1565 324 1664 accipi03
339 1567 547 1642 dictatorem
564 1568 765 1668 propinqua
781 1565 992 1669 cognatione
1004 1564 1141 1642 Licinii

160 1685 193 1761 se
209 1687 309 1784 apud
326 1690 444 1763 Patres
460 1688 624 1763 excusare
640 1688 795 1777 solitum,
819 1690 920 1763 fimul
937 1709 1141 1787 negantem,

161 1805 319 1907 magistri
335 1808 501 1907 equitum
517 1810 643 1905 majus,
660 1834 770 1907 quarn
787 1808 922 1885 tribuni
937 1804 1140 1894 consularis,

160 1926 353 2025 imperium
379 1931 458 2003 elle.
508 1928 673 2004 Licinius
690 1928 913 2028 Sextiusque,
940 1953 1056 2028 quum
1078 1925 1139 2001 tri-

157 2048 342 2122 bunorum
352 2048 449 2146 plebi
463 2049 696 2125 creandorum
712 2047 846 2125 indicta
858 2047 1004 2125 comitia
1016 2048 1138 2133 effent,

160 2167 208 2242 ita
222 2165 257 2242 se
273 2193 406 2267 gerere,
422 2189 478 2257 ut,
496 2169 660 2269 negando
670 2170 746 2265 jam
759 2168 822 2243 fibi
836 2170 925 2244 velle
938 2164 1138 2245 continuari

159 2290 345 2375 honorem,
365 2288 531 2363 acerrime
546 2291 778 2365 accenderent
794 2290 840 2363 ad
857 2288 909 2377 id,
927 2290 1029 2388 quod
1044 2286 1137 2363 diffi-

158 2410 331 2483 mulando
347 2412 526 2507 petebant,
542 2410 695 2507 plebem.
744 2419 771 2453 “
789 2410 942 2485 Nonum
955 2409 988 2485 se
1001 2434 1138 2485 annum

161 2540 185 2574 ‘⁸
197 2530 274 2627 jam
290 2528 444 2603 velutin
460 2528 574 2604 aciem
590 2528 752 2604 adversus
770 2527 957 2627 optimates
978 2528 1139 2605 maximo

160 2650 369 2751 “privatim
396 2650 569 2751 periculo,
599 2653 699 2725 nullo
724 2650 869 2749 publice
892 2651 1137 2725 emolumento
1196 2644 1198 2654 ’

160 2782 184 2816 “
201 2772 299 2848 stare.
359 2770 585 2848 Consenuilse
611 2771 687 2867 jam
719 2769 840 2845 secum
869 2774 904 2844 lit
937 2770 1136 2869 rogationes

160 2904 185 2937 “
201 2896 455 2993 promulgatas,
469 2897 504 2966 δι
514 2889 589 2965 vim
605 2915 751 2965 omnem
765 2888 975 2965 tribuniciae
988 2890 1136 2991 potesta-

161 3023 185 3057 “
200 3014 254 3088 tis.
312 3013 434 3088 Primo
461 3011 699 3086 interceffione
727 3012 945 3110 collegarum
973 3011 1011 3086 in
1041 3012 1136 3112 leges

160 3145 185 3177 “
203 3135 277 3224 suas
293 3154 495 3234 pugnatum
508 3133 596 3207 effe:
629 3130 760 3205 deinde
778 3130 998 3231 ablegatione
1006 3131 1134 3227 juven·
1158 3166 1162 3171 ·

160 3265 184 3298 “
200 3254 285 3329 tutis
301 3256 347 3328 ad
364 3254 587 3327 Veliternum
603 3253 760 3327 bellum:
791 3251 969 3349 postremo
984 3250 1133 3327 didam·

161 3386 184 3419 “
201 3375 296 3450 rium
313 3372 451 3447 fulmen
467 3372 506 3446 in
521 3371 554 3446 se
569 3370 794 3446 intentatum.
843 3374 926 3467 Jam
946 3398 1012 3448 nec
1027 3376 1133 3448 colle·

160 3506 183 3539 ‘⁶
201 3523 274 3596 gas,
290 3521 356 3571 nec
369 3494 519 3581 bellum,
533 3518 599 3567 nec
616 3491 824 3566 didatorem
840 3492 1000 3581 obstare;
1026 3494 1132 3593 quip-

161 3626 183 3661 “
199 3643 243 3715 pe
267 3615 332 3715 qui
367 3613 473 3688 etiam
496 3638 603 3687 omen
627 3612 765 3710 plebejo
788 3608 937 3700 consuli,
967 3614 1133 3713 magistro

18 3801 19 3808 ,
161 3746 183 3779 “
200 3736 366 3836 equitum
381 3760 426 3809 ex
442 3736 546 3832 plebe
564 3732 735 3818 dicendo,
762 3730 911 3805 dederit.
960 3732 1004 3806 Se
1021 3732 1132 3832 ipsam

160 3868 183 3902 “
199 3859 342 3957 plebem
359 3860 393 3930 ὅτ
414 3853 606 3930 commoda
624 3849 751 3941 morari
766 3850 837 3925 sua.
887 3850 1056 3927 Liberam
1073 3878 1131 3929 ur-

160 3989 184 4021 “
200 3982 285 4054 bem
308 4004 350 4052 ac
375 3975 494 4051 forum
518 3999 540 4046 a
562 3970 810 4059 creditoribus,
828 3968 956 4045 liberos
970 3998 1071 4071 agros
1086 3978 1131 4049 ab

18 4089 19 4104 ¹
160 4097 335 4196 “injustis
355 4092 597 4196 pollefforibus
613 4092 808 4189 extemplo,
838 4093 861 4164 fi
880 4093 979 4180 velit,
1005 4095 1134 4169 habere
