3067 5342
531 687 880 816 Ltnertlls.
1106 765 1176 840 395

197 923 223 958 ‘⁸
242 894 298 990 bls
314 913 538 1013 comparastis
553 948 564 1002 ;
582 917 682 1002 haec,
707 935 975 1013 propterquam
993 912 1068 987 duo
1081 923 1178 987 exel-

197 1035 334 1112 “citus
364 1034 590 1110 Aventinum
614 1033 807 1108 insedistis:
826 1037 925 1121 haec,
951 1059 1042 1133 quae
1060 1033 1179 1106 soene·

194 1166 223 1200 ⁴⁴
242 1159 321 1231 bres
339 1157 435 1255 leges
446 1188 458 1243 3
489 1158 589 1244 haec,
617 1180 708 1253 quae
725 1154 873 1252 agrarias
897 1153 1032 1251 semper
1048 1153 1179 1252 inpug-

196 1285 222 1320 “
241 1275 363 1364 navit3
390 1278 477 1349 haec
492 1273 673 1350 connubia
685 1276 831 1348 Patrum
849 1279 883 1346 δι
901 1273 1014 1372 plebis
1030 1271 1179 1346 interru-

198 1407 224 1441 “
242 1396 320 1494 pitz
348 1400 434 1470 haec
452 1395 549 1495 plebi
565 1397 612 1470 ad
636 1397 776 1470 curules
800 1393 1019 1493 magistratus
1035 1391 1100 1470 iter
1117 1394 1198 1467 ob·-

197 1528 223 1561 “
242 1517 358 1617 sepstt:
384 1520 453 1592 hoc
471 1517 521 1592 est
536 1543 668 1591 nomen
683 1518 812 1604 multo,
836 1540 946 1615 quarn
964 1510 1180 1611 Tarquinio·

197 1649 222 1682 “
241 1664 335 1725 rum,
361 1637 513 1712 infestias
524 1636 655 1711 vestrae
676 1635 841 1712 libertati.
892 1637 1006 1710 Itane
1021 1635 1179 1721 tandem,

202 1771 227 1847 ‘¹‘
248 1763 320 1856 Ap.
334 1758 479 1845 Claudi,
503 1782 619 1855 quum
637 1759 844 1831 centesimus
861 1757 937 1853 jam
954 1779 1067 1829 annus
1080 1758 1119 1828 s1t
1136 1757 1181 1830 ab

198 1890 223 1923 “
242 1882 360 1953 Mam.
391 1877 549 1953 Aemilio
565 1877 749 1965 didatore,
781 1899 834 1954 tot
860 1875 1018 1952 censores
1035 1873 1180 1964 fuerint,

197 2010 223 2044 “
242 1997 445 2073 nobilissimi
463 1997 706 2097 fortissimique
722 1994 804 2087 viri,
829 2019 935 2072 nemo
950 2023 1074 2072 eorum
1090 2000 1180 2072 duo·

198 2117 363 2193 “decim
387 2118 523 2192 tabulas
550 2117 662 2217 legit?
696 2145 804 2194 nemo
827 2117 866 2192 id
884 2119 943 2214 jus
970 2120 1050 2208 esse,
1079 2121 1180 2216 quod

199 2250 224 2284 “
243 2237 421 2338 postremo
437 2240 592 2337 populus
612 2239 770 2334 juffiffet,
799 2237 925 2313 scivit?
956 2241 1075 2316 Immo
1096 2263 1180 2314 vero
1278 2287 1282 2298 ·

199 2371 225 2405 “
244 2386 368 2434 omnes
390 2358 591 2446 sciverunt3
619 2363 653 2433 δι
670 2357 753 2433 ideo
779 2358 955 2433 Aemiliae
971 2359 1091 2456 potius
1110 2357 1180 2458 legi

199 2491 225 2526 “
242 2501 448 2580 panterunt,
460 2506 569 2580 quam
584 2478 634 2553 illi
648 2478 828 2577 antiquae,
847 2478 1087 2578 quaptimum
1098 2506 1179 2555 cen-

198 2611 224 2646 “
243 2602 333 2677 sores
349 2601 456 2676 creati
470 2621 581 2689 erant,
599 2597 685 2698 quia
704 2602 795 2674 hanc
813 2598 1025 2697 postremam
1039 2600 1181 2695 jusserat

199 2732 224 2766 “
244 2722 418 2820 populus:
459 2726 493 2795 δι
520 2720 618 2820 quia,
649 2720 715 2797 ubi
742 2722 833 2795 duae
861 2717 1052 2793 contrariae
1085 2721 1179 2818 leges

199 2853 224 2884 “
243 2840 336 2929 sunt,
366 2841 503 2940 semper
525 2841 692 2938 antiquae
710 2845 859 2941 obrogat
875 2865 978 2914 nova.
1030 2844 1090 2913 An
1110 2843 1178 2915 hoc

199 2973 224 3007 “
242 2963 345 3049 dicis,
380 2961 494 3059 Appi,
527 2988 599 3035 non
628 2962 739 3036 teneri
774 2960 931 3044 Aemilia
945 2963 1037 3062 'lege
1064 2989 1179 3062 popu·

200 3093 225 3128 “
243 3085 319 3158 lum
333 3086 348 3157 ?
361 3108 406 3155 an
416 3085 593 3180 populum
605 3082 728 3170 teneri,
743 3105 778 3156 te
791 3110 906 3158 unum
919 3086 1079 3182 exlegem
1091 3085 1178 3157 esse?

200 3213 226 3248 “
244 3203 381 3279 Tenuit
398 3203 556 3282 Aemilia
571 3206 630 3278 lex
651 3203 826 3277 violentos
840 3203 917 3278 illos
935 3202 1105 3289 censores,
1137 3205 1178 3276 C.

198 3337 228 3374 o
243 3324 501 3401 Furium&M.
516 3323 738 3423 Geganium,
750 3321 814 3422 qui
827 3323 917 3421 quid
929 3322 992 3397 iste
1003 3321 1181 3421 magistra-

200 3457 226 3492 “
244 3468 301 3521 tus
317 3447 355 3520 in
372 3445 556 3543 republica
571 3443 656 3520 mali
673 3442 786 3519 facere
803 3447 925 3543 posset,
954 3443 1178 3519 indicarunt:

200 3579 225 3612 “
243 3593 372 3667 quum,
394 3565 445 3639 ira
460 3565 580 3639 finitae
593 3563 784 3663 potestatis,
816 3565 931 3637 Mam.
967 3563 1181 3653 Aemilium,

201 3699 226 3733 “
244 3687 442 3788 principem
458 3684 578 3759 aetatis
595 3683 675 3760 suae
689 3683 774 3759 belli
789 3683 975 3782 domique,
1009 3683 1180 3758 aerarium

199 3819 227 3853 “
246 3806 427 3883 fecerunt:
455 3803 571 3880 tenuit
588 3804 756 3904 deinceps
780 3829 903 3879 omnes
918 3803 1074 3880 censores
1093 3803 1183 3878 intra

202 3941 228 3974 “
246 3950 393 4004 centum
416 3951 591 4001 annorum
612 3924 786 4022 spatium:
819 3946 914 3998 tenet
933 3927 976 3999 C.
999 3923 1183 4000 Plautium

202 4051 421 4148 “collegam
444 4067 562 4136 tuum,
594 4044 719 4120 iisdem
746 4042 922 4144 auspiciis,
953 4045 1079 4120 eodem
1101 4047 1183 4145 jure

203 4180 229 4213 “
247 4191 417 4244 creatum.
469 4172 530 4242 An
563 4170 661 4242 hunc
693 4191 780 4255 non,
803 4186 844 4240 ut
874 4164 936 4270 qui
952 4165 1090 4266 optimo
1103 4167 1183 4264 jure
