3067 5342
504 640 541 714 L
568 667 581 714 r
611 666 734 736 aun
786 639 852 716 IX.
1119 665 1186 741 391

206 829 233 863 ‘⁴
251 813 374 893 militis
396 843 532 906 curam,
558 817 767 918 reprehendi
790 819 906 916 pollet
937 819 983 892 ab
1008 841 1051 890 eo
1069 815 1101 891 se
1126 818 1186 892 dea

207 950 233 982 ‘⁴
251 941 378 1014 decore
395 940 529 1012 nullam
546 965 621 1013 rem
636 937 755 1025 aliam,
780 963 890 1036 quam
908 937 1076 1011 virtutem
1094 937 1188 1013 mili*

207 1069 232 1102 “
251 1081 343 1147 tum,
376 1058 646 1134 vindicaturam.
695 1058 970 1134 Conniterentur
986 1059 1098 1132 modo
1112 1083 1188 1134 uno

208 1178 373 1254 “animo
403 1184 526 1254 omnes'
556 1178 721 1254 invadere
750 1177 901 1266 hostem,
937 1177 1074 1252 victum
1100 1177 1201 1267 acie,

208 1309 233 1343 “
252 1299 367 1374 castris
399 1323 564 1388 exutum,
609 1300 786 1373 nudatum
814 1297 980 1384 urbibus,
1023 1296 1189 1372 ultimam

208 1429 233 1463 “
252 1419 349 1516 spem
366 1418 461 1494 furto
480 1418 682 1493 infidiamm
701 1439 908 1507 tentantem,
943 1422 977 1491 δι
994 1419 1088 1506 loco,
1115 1443 1190 1492 non

207 1549 233 1584 ‘⁶
250 1540 369 1628 armis,
396 1539 539 1615 fretum.
588 1542 659 1614 Sed
676 1565 786 1638 quem
804 1541 870 1613 effe
880 1540 957 1636 jam
974 1537 1097 1612 virtuti
1112 1539 1202 1612 Ro-

207 1669 374 1738 “manae
405 1660 722 1762 inexpugnabilem
755 1662 878 1735 locum
897 1663 933 1735 ?”
983 1659 1191 1759 Fregellana

203 1807 278 1870 arx,
304 1786 519 1880 Soranaque,
546 1786 580 1856 δι
602 1780 825 1881 ubicumque
852 1780 979 1879 iniquo
995 1779 1189 1856 succeffum

205 1923 278 1976 etat
304 1903 398 1989 loco,
428 1905 725 1976 memorabantur.
775 1900 847 1975 His
877 1900 1042 1976 accensus
1072 1899 1194 1994 miles,

204 2019 372 2096 omnium
391 2019 570 2094 inmemor
592 2019 872 2109 difficultatium,
904 2020 1003 2095 vadit
1028 2019 1189 2094 adversus

206 2139 442 2214 inminentem
458 2139 614 2214 hostium
636 2140 760 2216 aciem.
811 2141 867 2216 Ibi
884 2143 1045 2240 paullum
1061 2139 1190 2216 laboris

206 2258 288 2347 fuit,
320 2262 409 2336 dum
433 2259 471 2334 in
498 2259 682 2336 adversum
709 2261 844 2336 clivum
874 2260 1021 2362 erigitur
1042 2287 1187 2360 agmen:

205 2402 378 2469 ceterum,
412 2381 601 2480 postquam
627 2382 740 2481 prima
768 2385 863 2480 srgna
885 2381 1075 2481 planiciem
1096 2381 1189 2456 sum·

203 2528 302 2576 mam
319 2521 504 2599 ceperunt,
531 2498 701 2600 senlitque
727 2501 819 2576 acies
842 2527 956 2601 aequo
979 2500 1012 2576 se
1036 2504 1112 2598 jam
1135 2502 1189 2576 in-

204 2621 322 2697 stitilse
348 2623 442 2710 loco,
472 2620 589 2696 versus
606 2623 786 2721 extemplo
809 2621 859 2695 est
875 2642 983 2695 terror
996 2621 1035 2695 in
1053 2623 1190 2707 infidia·

204 2763 309 2830 tores,
332 2740 544 2842 easdemque
561 2743 721 2831 latebras,
754 2740 887 2840 quibus
910 2740 943 2816 se
965 2743 1085 2839 paullo
1109 2764 1190 2818 ante

206 2883 377 2950 texerant,
406 2860 513 2964 palati
536 2883 642 2960 atque
668 2861 820 2937 inermes
851 2861 937 2961 fuga
962 2867 1186 2961 repetebant:

203 2982 264 3058 sed
290 2985 369 3059 loca
395 2981 567 3071 difficilia,
593 2982 685 3058 hosti
711 2986 875 3082 quaeda,
902 2982 992 3083 ipsos
1025 3004 1104 3058 tum
1130 2982 1190 3058 sua

205 3101 329 3178 fraude
352 3101 595 3201 inpediebant.
644 3105 770 3202 Itaque
787 3129 872 3203 ergo
890 3104 1075 3202 perpaucis
1102 3105 1189 3178 effu·
1262 3127 1266 3136 ·

204 3224 306 3323 gium
331 3223 463 3332 patuit:
490 3222 586 3299 caesa
614 3226 660 3299 ad
684 3223 814 3323 viginti
843 3222 957 3298 millia
985 3223 1189 3312 hominum,

203 3345 388 3444 vidorque
419 3347 606 3420 Romanus
638 3346 685 3420 ad
714 3346 870 3420 oblatam
895 3345 990 3419 ultro
1012 3346 1058 3420 ab
1091 3344 1189 3421 hoste

204 3467 370 3562 praedam
383 3490 556 3562 pecorum
569 3463 743 3541 discurrit.

253 3587 417 3660 XXXII.
444 3588 547 3661 Dum
573 3587 659 3660 haec
682 3606 854 3685 genrntur
877 3585 915 3662 in
936 3584 1094 3674 Samnio,
1114 3587 1191 3683 jam

113 3769 124 3788 ,
204 3730 328 3779 omnes
353 3703 513 3780 Etruriae
528 3704 654 3803 populi
670 3726 805 3803 praeter
821 3707 1005 3782 Arretinos
1023 3705 1069 3778 ad
1097 3731 1193 3780 arma

203 3824 329 3913 ierant,
357 3827 401 3900 ab
431 3827 677 3925 obpugnando
700 3825 832 3914 Sutrio,
857 3853 948 3925 quae
974 3829 1072 3914 urbs,
1100 3824 1192 3902 socia

202 3945 393 4034 Romanis,
422 3947 522 4020 velut
558 3945 708 4020 claustra
744 3947 907 4021 Etruriae
940 3967 1025 4035 erat,
1066 3945 1190 4048 ingens

200 4068 264 4140 orsr
291 4067 438 4142 bellum.
490 4069 546 4140 Eo
570 4067 656 4141 alter
683 4065 875 4142 consulum
905 4065 1083 4144 Aemilius
1108 4095 1193 4144 cum
