3067 5342
431 713 503 794 374
760 689 1073 764 T.Ltvrr

432 859 615 958 utrimque
639 860 810 934 clades&
837 861 927 936 clara
949 857 1102 959 ipsorum
1125 855 1278 930 dutum*
1291 851 1395 926 ederet

434 977 568 1054 funera.
617 977 717 1054 Prior
744 979 957 1054 Samnitium
984 978 1187 1076 imperator,
1220 997 1319 1071 aegre
1344 993 1395 1066 pa·

435 1095 538 1184 tiens,
564 1122 639 1197 quo
655 1119 728 1172 tarn
744 1096 905 1173 ferociter
920 1096 1161 1195 adequitasset,
1187 1093 1271 1170 inde
1283 1087 1315 1164 se
1326 1086 1397 1162 run-

435 1214 475 1290 di
500 1215 701 1316 fugatique,
734 1219 868 1292 orando
890 1217 1133 1314 hortandoque
1157 1211 1295 1313 equites
1310 1233 1397 1306 proe-

436 1333 528 1410 lium
549 1333 745 1434 integravit.
795 1339 838 1411 ln
867 1363 991 1435 quent,
1017 1335 1188 1434 insignem
1219 1333 1307 1408 inter
1330 1325 1398 1404 [uos

436 1453 590 1534 cientem
607 1479 779 1553 pugnam,
804 1455 965 1554 magister
978 1454 1143 1554 equitum
1157 1457 1341 1528 Romanus
1353 1443 1398 1518 in-

438 1573 524 1654 festa
537 1573 682 1674 cuspide
700 1573 748 1650 ita
763 1574 914 1674 pennisrt
923 1601 1072 1674 equum,
1098 1595 1141 1651 ut
1155 1599 1231 1648 uno
1247 1571 1318 1645 ictu
1329 1589 1398 1640 exa·

438 1693 574 1769 uimem
595 1719 691 1791 equo
707 1694 962 1795 praecipitaret:
986 1723 1065 1784 nec,
1089 1717 1133 1770 ut
1160 1695 1216 1782 fit,
1239 1691 1284 1766 ad
1309 1681 1398 1760 ducis

441 1811 560 1889 casum
581 1812 737 1912 perculsa
757 1815 882 1913 magis,
916 1841 1025 1914 quarn
1047 1813 1191 1901 irritata,
1222 1809 1272 1884 est
1292 1801 1398 1882 multi-

440 1932 542 2016 tudo.
591 1933 740 2022 Omnes,
769 1933 835 2032 qui
860 1933 952 2010 circa
973 1955 1084 2022 erant,
1108 1934 1148 2008 in
1173 1929 1333 2013 Aulium,
1356 1943 1399 1996 to÷

442 2077 538 2129 mere
552 2051 733 2128 invectum
747 2077 809 2150 per
823 2052 977 2128 hostium
993 2075 1139 2142 turmas,
1172 2053 1242 2126 tela
1257 2045 1398 2141 conjece-

440 2194 534 2252 runt.
584 2171 695 2246 Fratri
720 2169 949 2271 praecipuum
971 2174 1080 2247 decus
1112 2170 1182 2246 ulti
1204 2161 1398 2246 Samnitium

442 2290 658 2390 imperatoris
679 2293 864 2366 dederunt.
913 2293 948 2366 Is
963 2290 1132 2366 victorem
1149 2290 1340 2366 detractum
1360 2299 1399 2351 ⁶¹

442 2435 537 2508 equo
552 2409 756 2509 magistrum
776 2409 954 2510 equitum,
980 2413 1105 2509 plenus
1122 2405 1288 2486 moetoris
1308 2419 1399 2496 atque

442 2529 526 2619 irae,
559 2529 764 2606 trucidavit:
807 2557 873 2607 nec
903 2532 1059 2606 multum
1087 2529 1192 2619 afuit,
1222 2522 1308 2626 quin
1333 2539 1396 2593 cor·

443 2675 527 2748 pore
557 2649 677 2739 etiam,
702 2651 788 2749 quia
808 2649 899 2725 inter
920 2648 1061 2726 hostiles
1082 2649 1257 2726 ceciderat
1272 2660 1397 2720 turmas,

444 2771 617 2845 Samnites
633 2769 839 2868 potirentur.
888 2771 957 2844 Sed
973 2771 1152 2869 extemplo
1170 2771 1217 2845 ad
1233 2765 1333 2866 pedes
1347 2758 1398 2832 de·

445 2887 604 2967 scensum
619 2892 664 2964 ab
681 2887 855 2964 Romanis
874 2888 935 2978 est,
961 2887 1144 2989 coadtique
1160 2889 1259 2966 idem
1280 2874 1397 2959 Samni·

446 3027 497 3082 tes
518 3006 642 3084 facere.
693 3011 741 3082 Et
761 3007 943 3106 repentina
961 3007 1053 3086 acies
1071 3007 1164 3084 circa
1185 3029 1325 3108 corpora
1342 2999 1398 3072 du·

446 3151 532 3200 curn
545 3126 700 3225 pedestre
716 3128 892 3227 proelium
908 3125 1001 3215 iniit,
1029 3153 1102 3227 quo
1121 3131 1220 3206 haud
1236 3114 1370 3216 dubias
1386 3157 1398 3172 ·

446 3266 543 3344 perat
564 3247 766 3322 Romanus:
800 3267 1115 3346 recuperatumque
1147 3247 1250 3323 Aulii
1277 3259 1397 3336 corpus,

444 3363 559 3440 mixta
573 3389 658 3440 cum
674 3368 794 3444 dolore
810 3365 953 3454 laetitia,
976 3365 1124 3442 uictores
1148 3367 1188 3442 in
1212 3365 1312 3445 castra
1326 3351 1398 3432 refe·

444 3503 539 3558 runt
587 3483 772 3573 Samnites,
814 3487 906 3560 duce
939 3484 1073 3574 amiffo,
1103 3490 1137 3560 δι
1168 3512 1233 3586 per
1259 3474 1397 3582 equestre

443 3623 621 3678 certamen
645 3603 785 3680 tentatis
809 3602 957 3693 viribus,
982 3603 1104 3680 omiffa
1118 3605 1281 3691 Saticula,
1303 3615 1398 3696 quam

444 3721 691 3822 nequidquam
713 3721 859 3798 defendi
890 3726 1067 3812 rebantur,
1091 3727 1138 3800 ad
1165 3723 1300 3800 Plistiae
1323 3711 1398 3789 obfi-

444 3841 592 3918 dionem
618 3844 784 3929 redeunt3
810 3841 970 3942 intraque
1002 3869 1134 3941 paucos
1164 3843 1239 3920 dies
1266 3829 1399 3916 Saticula

444 3963 631 4036 Romanus
646 3987 709 4059 per
725 3961 957 4052 deditionem,
980 3963 1100 4040 Plistia
1113 3991 1175 4064 per
1190 3965 1263 4040 vinr
1279 3947 1396 4033 Samnis

443 4100 588 4176 potrtur.
