3067 5342
473 678 703 752 Lrnnn
754 677 835 750 VII.
1065 699 1131 748 201

150 847 216 947 qui
237 848 349 948 magis
362 849 502 938 animis,
529 873 639 948 quam
656 846 805 935 viribus,
832 845 940 921 fretus
957 847 1129 947 adqcerta·

148 995 236 1042 men
256 969 494 1057 descenderet,
523 967 644 1043 omnia
670 964 938 1065 circumspicere
965 987 1072 1066 atque
1094 995 1130 1042 a·

150 1087 262 1187 gitare
293 1089 424 1188 coepit,
454 1109 496 1163 ut
528 1109 600 1164 arte
622 1087 741 1186 aliqua
772 1108 938 1161 terrorem
971 1087 1131 1163 hostibus

147 1207 336 1283 incuteret.
384 1208 509 1283 Solerti
535 1208 657 1282 animo
683 1233 758 1280 rem
788 1233 917 1281 novam
940 1207 1132 1307 excogitat,

149 1354 225 1428 qua
245 1329 376 1403 deinde
398 1327 504 1402 multi
527 1327 634 1402 nostri
656 1349 762 1425 atque
785 1326 922 1400 externi
943 1325 1143 1425 imperato-1

148 1475 218 1536 res,
244 1447 360 1522 nostra
376 1473 522 1546 quoque
533 1446 681 1546 quidam
698 1467 822 1536 aetate,
839 1450 889 1520 usr
901 1445 990 1522 sunt.
1041 1451 1131 1523 Mu-

148 1565 194 1641 lis
217 1566 320 1642 shuts
343 1567 478 1641 detrahi
498 1569 619 1663 jubet:
650 1566 813 1666 binisque
828 1587 966 1641 tantum
983 1589 1130 1644 centun-

149 1687 241 1762 culis
272 1686 414 1775 relictis,
449 1686 623 1786 agasones,
654 1687 782 1785 partim
809 1685 969 1785 captivis,
1004 1688 1131 1786 partim

149 1833 337 1918 aegrorum
352 1807 458 1884 armis
471 1829 622 1897 ornatos,
653 1805 804 1904 inponit.
854 1806 926 1881 His
944 1805 1015 1882 sere
1032 1810 1130 1884 mille

150 1927 283 2002 effectis
298 1949 444 2002 centum
458 1926 626 2002 admiscet
642 1927 791 2025 equites.
842 1931 890 2002 Et
907 1929 1010 2002 noste
1030 1926 1131 2025 super

150 2048 259 2123 castra
274 2047 312 2122 in
330 2067 468 2122 montes
484 2049 643 2134 evadere,
664 2074 704 2121 ac
720 2045 810 2120 silvis
825 2043 859 2121 se
881 2049 1057 2124 occultare
1068 2049 1127 2145 ju-

150 2173 228 2244 bet:
255 2192 374 2266 neque
396 2167 480 2242 inde
494 2167 575 2241 an'te
595 2165 742 2255 moveri,
777 2167 885 2264 quani
908 2170 953 2241 ab
974 2166 1007 2241 se
1037 2170 1128 2244 acci·
1236 2177 1238 2180 ’

150 2309 274 2388 perent
305 2291 455 2386 sgnum.
506 2285 582 2384 Ipse
614 2287 678 2361 ubi
709 2285 854 2374 inluxit,
884 2285 923 2361 in
953 2288 1132 2366 radicibus

150 2408 332 2482 montium
360 2405 686 2482 extendere'aciem
708 2406 826 2504 coepit
848 2405 982 2496 sedulo,
1012 2429 1053 2483 ut
1069 2413 1130 2485 ad-

149 2527 266 2602 versus
290 2548 430 2602 montes
460 2526 655 2601 consisteret
680 2525 798 2600 hostis.
848 2527 1021 2602 Instructo
1047 2531 1129 2604 vani

152 2647 290 2723 terroris
299 2649 480 2744 adparatu,
512 2645 575 2744 qui
590 2645 739 2745 quidem
755 2667 864 2720 terror
871 2649 951 2744 plus
965 2675 1056 2745 pene
1072 2677 1131 2724 ve-

150 2767 198 2842 ris
228 2766 363 2842 viribus
389 2765 536 2865 profuit,
566 2765 682 2862 primo
708 2767 850 2841 credere
877 2767 986 2840 duces
1009 2769 1131 2842 Gallo-

150 2913 247 2974 rum,
281 2912 355 2960 non
367 2883 589 2960 descensuros
604 2884 642 2958 in
658 2909 816 2984 aequum
833 2887 1017 2960 Romanos
1026 2921 1037 2975 ;
1070 2891 1131 2962 de-

155 3007 254 3093 inde,
283 3005 350 3080 ubi
366 3005 539 3104 degressos
549 3024 691 3102 repente
706 3004 885 3094 viderunt,
911 3010 944 3079 δι
961 3005 1023 3104 ipsr
1037 3008 1132 3083 avidi

152 3125 354 3202 certaminis
386 3125 425 3198 in
456 3123 633 3223 proelium
662 3145 788 3198 ruunt:
818 3124 998 3224 priusque,
1011 3153 1132 3226 pugna

152 3244 283 3344 coepit,
311 3248 575 3344 quamssrgnum
587 3247 632 3318 ab
645 3243 801 3320 ducibus
817 3247 968 3320 daretur.

209 3370 293 3442 XV.
320 3364 452 3440 Acrius
478 3362 629 3438 invasere
664 3363 759 3438 Galli
795 3364 962 3439 dextrum
994 3391 1129 3442 cornui

153 3513 270 3586 neque
280 3483 439 3560 sustineri
452 3481 654 3581 potuissent,
671 3481 709 3556 ni
722 3482 812 3557 sorte
829 3509 872 3557 eo
888 3484 968 3558 loco
983 3484 1133 3564 distator

153 3606 282 3693 suisset,
312 3607 382 3679 Sex
400 3603 567 3678 Tullium
594 3602 739 3676 nomine
756 3601 939 3702 increpans
966 3605 1131 3705 rogitans·

156 3753 242 3823 que:
272 3723 451 3800 “Siccine
474 3743 693 3822 pugnaturos
720 3721 850 3797 milites
873 3720 1131 3821 spopondisset?
1238 3771 1241 3778 ·

158 3844 264 3921 “ubi
287 3843 340 3919 illi
369 3846 536 3921 clamores
566 3845 633 3916 'sint
654 3867 751 3917 arma
783 3840 1033 3941 poscentium?
1066 3847 1131 3922 ubi

160 3974 183 4007 “
199 3943 317 4039 minae
346 3963 475 4059 injussu
505 3961 724 4060 imperatoris
749 3960 925 4060 proelium
955 3961 1131 4042 inituros?

162 4092 185 4128 “
202 4111 246 4162 en
274 4081 391 4183 ipsum
418 4082 664 4183 imperatorem
697 4083 788 4157 clara
816 4108 904 4158 voce
932 4107 1056 4164 vocare
1086 4091 1133 4164 ad
