3067 5342
385 620 434 691 94
717 596 1032 668 T.L1v11

383 784 409 817 ‘⁴
427 769 599 869 liqueritis
640 796 694 858 ea,
733 792 913 847 macerent
943 768 1125 845 defiderio.
1175 768 1262 841 Non
1295 770 1367 841 fine

382 902 408 935 “
426 893 541 965 caussa
569 888 634 965 Dii
661 890 895 989 hominesque
920 893 1018 965 hunc
1046 888 1125 965 urbi
1156 888 1370 962 condendae

384 1013 550 1085 “locum
581 1013 776 1109 elegerunt,
805 1009 1047 1086 saluberrimos
1078 1010 1198 1095 colles,
1228 1010 1368 1082 flumen

383 1142 409 1175 “
427 1152 687 1229 opportunum,
715 1155 791 1229 quo
807 1156 852 1205 ex
866 1126 1127 1204 mediterraneis
1144 1126 1230 1202 locis
1247 1126 1370 1227 fruges

384 1261 409 1293 “
428 1252 659 1336 devehantur,
683 1274 758 1347 quo
775 1249 942 1323 maritimi
956 1268 1174 1325 commeatus
1191 1246 1370 1345 accipian-

386 1381 411 1414 “
431 1392 505 1457 tur,
519 1396 614 1445 mare
626 1369 788 1445 vicinum
803 1372 849 1444 ad
867 1367 1152 1456 commoditates,
1169 1394 1234 1441 nec
1252 1392 1365 1465 expo-

385 1500 410 1534 “
428 1492 531 1565 situm
548 1489 660 1565 nimia
678 1489 943 1589 propinquitate
964 1490 1010 1562 ad
1032 1487 1191 1587 pericula
1211 1490 1370 1563 claffium

386 1620 412 1653 “
429 1631 674 1685 externarumz
709 1608 896 1709 regionum
914 1608 1032 1683 ltaliae
1050 1608 1226 1697 medium,
1249 1608 1294 1683 ad
1312 1608 1369 1683 in-

386 1740 654 1805 “crementum
671 1728 770 1805 urbis
793 1750 917 1804 natum
939 1728 1046 1803 unice
1062 1729 1195 1803 locum.
1247 1733 1368 1829 Argu-

385 1860 549 1925 “mento
582 1851 633 1924 est
664 1848 737 1947 ipsa
768 1848 979 1947 magnitudo
1006 1868 1080 1923 tam
1110 1874 1221 1923 novae
1257 1850 1367 1925 urbis.

386 1980 412 2013 ‘⁶
430 1972 710 2045 Trecentefimus
723 1967 952 2067 sexagesimus
965 1966 1113 2065 quintus
1128 1993 1240 2043 annus
1255 1968 1366 2059 urbis,

385 2098 411 2132 ‘⁶
430 2088 601 2189 Quirites,
631 2086 763 2188 agiturt
792 2088 885 2164 inter
907 2108 961 2163 tot
985 2087 1189 2162 veterrimos
1215 2090 1368 2185 populos

387 2218 413 2251 “
432 2208 571 2283 tamdiu
587 2210 680 2282 bella
695 2207 833 2308 geritis,
862 2233 978 2307 quum
994 2207 1138 2295 interea,
1156 2234 1200 2282 ne
1217 2210 1368 2307 fingulas

388 2337 412 2371 ‘·
428 2329 555 2425 loquar
567 2331 686 2415 urbes,
703 2355 776 2403 non
790 2328 971 2425 conjunsti
988 2354 1073 2402 cum
1085 2328 1223 2427 Aequis
1234 2326 1367 2418 Volsci,

387 2457 485 2521 “tot
512 2468 586 2523 tatu
610 2446 729 2522 valida
753 2447 899 2547 oppida,
930 2474 1003 2523 non
1026 2446 1185 2523 universa
1212 2448 1367 2539 Etruria,

388 2576 414 2609 “
432 2587 572 2643 mamm
586 2588 676 2643 terra
690 2566 853 2666 marique
870 2570 1020 2666 pollens,
1050 2590 1155 2667 atque
1181 2568 1271 2643 inter
1293 2572 1369 2645 duo

387 2686 541 2761 “maria
562 2686 788 2762 latitudinem
811 2687 976 2763 obtinens
999 2687 1132 2775 Italiae,
1158 2690 1251 2763 bello
1265 2688 1368 2763 vobis

386 2815 412 2849 “
430 2834 492 2905 par
520 2806 581 2882 est.
630 2808 744 2908 Qrod
773 2834 889 2905 quum
916 2806 965 2883 ita
994 2810 1044 2897 sit,
1072 2834 1163 2907 quae
1197 2810 1364 2905 (malum)

387 2937 414 2971 “
432 2924 522 3001 ratio
541 2927 604 3014 est,
634 2925 787 3025 expertis
809 2927 877 3002 alia
896 2928 1060 3028 experiri,
1083 2952 1199 3028 quum
1215 2928 1304 3025 jam,
1327 2949 1371 3001 ut

389 3044 544 3121 “virtus
572 3046 684 3121 vestra
707 3051 845 3122 tranfire
869 3047 940 3122 alio
967 3052 1081 3147 possit,
1108 3048 1250 3123 fortuna
1273 3070 1369 3122 certe

390 3176 415 3210 “
433 3166 504 3241 loci
521 3168 626 3264 hujus
643 3167 817 3243 transferri
841 3196 913 3243 non
928 3172 1050 3269 possit?
1101 3168 1178 3243 Hic
1196 3167 1368 3266 Capitoli·

389 3295 415 3332 ‘¹
433 3286 567 3375 umest,
584 3286 650 3361 ubi
664 3288 848 3387 quondam
865 3288 979 3387 capite
989 3292 1147 3363 humano
1159 3287 1303 3362 invento
1316 3314 1368 3361 re-

389 3416 415 3449 “
433 3403 599 3501 sponsum
615 3406 678 3494 est,
705 3433 749 3483 eo
765 3408 846 3483 loco
863 3431 971 3507 caput
989 3435 1105 3483 rerum
1119 3407 1368 3507 summamque

390 3532 416 3569 “
435 3522 576 3621 imperii
592 3523 677 3599 fore.
727 3526 819 3616 Hic,
837 3554 953 3627 quum
971 3549 1143 3628 augurato
1165 3528 1370 3603 liberaretur

391 3653 416 3688 “
434 3642 669 3742 Capitolium,
718 3648 888 3742 Juventas
918 3649 1180 3749 Terminusque
1210 3648 1371 3723 maximo

390 3764 568 3865 “gaudio
591 3787 732 3865 patrum
753 3768 953 3841 nostrorum
975 3768 1110 3843 moveri
1127 3768 1160 3844 se
1177 3796 1250 3843 non
1274 3770 1367 3866 paffi.

392 3895 417 3929 “
437 3884 515 3961 Hic
530 3884 654 3961 Vestae
668 3885 781 3988 ignes,
804 3886 864 3963 hic
881 3886 1008 3963 ancilia
1024 3890 1124 3964 coelo
1138 3887 1297 3977 demissa,
1309 3885 1369 3961 hic

391 4016 418 4049 “
436 4030 560 4085 omnes
576 4006 722 4104 propitii
738 4006 965 4083 manentibus
979 4006 1082 4085 vobis
1100 4007 1199 4084 Dii.''
1294 4036 1305 4117 ζ
