3067 5342
480 663 712 736 LIBER
763 660 845 736 VII.
1097 685 1164 762 199

186 845 212 880 “
231 859 341 935 quam
357 860 520 937 expertus
540 865 604 914 nos
620 840 717 928 esses,
747 841 793 914 de
810 837 913 916 nobis
926 837 977 923 ita
991 833 1163 936 desperas-

184 965 211 999 “
229 955 271 1044 ti,
301 979 343 1032 ut
368 979 403 1032 te
419 985 629 1034 mancorum
653 986 695 1034 ae
719 958 896 1035 debilium
918 960 1050 1032 ducem
1063 956 1163 1053 judi·

182 1087 210 1120 “
226 1103 320 1151 cares
336 1080 415 1152 effe.
464 1077 567 1180 Qtid
593 1079 691 1154 enim
718 1079 818 1154 aliud
847 1081 914 1155 else
935 1077 1070 1153 caussae
1090 1102 1163 1150 cre·

183 1205 210 1240 “
227 1197 369 1285 demus,
397 1224 462 1272 cut
494 1220 678 1275 veteranus
706 1201 797 1288 dux,
825 1198 1027 1274 fortiffimus
1056 1198 1164 1285 belm,

182 1326 210 1360 “
228 1321 439 1416 compressis,
473 1321 575 1417 quod
600 1320 711 1416 ajunt,
742 1319 909 1395 manibus
935 1318 1074 1393 sedeas?
1107 1338 1164 1392 ut·

181 1446 208 1480 “
226 1461 384 1534 cumque
401 1437 546 1513 enimse
562 1442 750 1528 habetres,
783 1461 818 1514 te
836 1442 881 1514 de
898 1439 1014 1514 nostra
1032 1437 1162 1512 virtute

181 1554 401 1631 “dubitasse
426 1556 554 1647 videti,
587 1584 697 1658 quam
714 1587 778 1634 nos
801 1562 846 1636 de
869 1581 943 1648 tua,
969 1557 1086 1633 verius
1102 1559 1163 1633 est.

181 1675 290 1750 “Sin
310 1697 432 1752 autem
452 1704 527 1753 non
550 1699 656 1754 tuum
684 1679 788 1770 istuc,
814 1679 873 1756 sed
900 1679 1090 1778 publicum
1116 1678 1167 1754 est

181 1804 210 1840 “
226 1796 426 1886 confilium,
455 1803 490 1872 δι
521 1797 707 1875 consensus
731 1799 859 1899 aliquis
890 1804 1052 1888 Patrum,
1087 1825 1161 1874 non

180 1917 409 1992 “Gallicum
440 1918 590 2006 bellum,
617 1946 681 1994 nos
712 1923 758 1995 ab
789 1923 892 2008 urbe,
921 1946 945 1994 a
974 1919 1163 2018 penatibus

182 2048 208 2082 “
226 2037 353 2112 nostris
377 2039 557 2138 ablegatos
589 2059 702 2127 tenet3
734 2038 878 2139 quaeso,
908 2059 952 2113 ut
983 2067 1035 2129 ea,
1070 2067 1162 2141 quae

181 2167 208 2200 “
226 2155 360 2245 dicam,
386 2182 461 2232 non
486 2185 508 2233 a
530 2157 705 2234 militibus
730 2157 932 2257 imperatori
959 2162 1055 2234 dieta
1080 2185 1163 2236 cen·

181 2286 208 2321 “
226 2274 312 2364 seas,
336 2276 398 2352 sed
413 2304 436 2352 a
449 2280 553 2377 plebe
569 2278 732 2354 Patribus
738 2312 750 2368 3
781 2306 886 2378 quae,
913 2286 1000 2356 ficut
1010 2307 1073 2356 vos
1089 2281 1162 2357 ves-

181 2408 208 2442 “
227 2418 280 2471 tra
291 2397 448 2473 habeatis
461 2398 614 2488 consilia,
645 2402 691 2474 fic
706 2399 741 2474 se
756 2398 818 2476 sua
836 2401 1036 2476 habituram
1055 2400 1161 2478 dicat.

182 2527 209 2562 “
228 2517 323 2619 Qtis
344 2519 489 2592 tandem
511 2517 722 2608 succenseat,
752 2519 883 2595 milites
900 2547 964 2596 nos
988 2525 1069 2609 effe,
1089 2551 1163 2600 non

101 2731 107 2737 θ
182 2649 209 2682 “
227 2636 342 2712 servos
360 2637 518 2713 vestros?
553 2639 602 2712 ad
626 2639 776 2728 bellum,
810 2666 883 2714 non
917 2640 956 2716 in
989 2643 1163 2734 exsilium,

182 2769 209 2802 “
227 2758 371 2833 missos?
403 2761 428 2832 fi
455 2756 536 2855 quis
554 2759 616 2832 det
636 2761 789 2858 signum,
819 2758 858 2833 in
880 2760 993 2836 aciem
1020 2766 1164 2854 educat,

181 2889 208 2923 “
224 2900 268 2953 ut
282 2878 366 2952 viris
387 2903 428 2952 ac
451 2877 625 2952 Romanis
651 2879 806 2978 dignum
834 2883 887 2968 stt,
918 2887 1159 2980 pugnaturos?

181 3002 250 3073 “fi
278 2997 370 3072 nihil
391 2996 496 3074 armis
524 3024 614 3097 opus
639 3001 692 3086 sit,
715 2997 832 3073 otium
859 3003 1000 3077 Romae
1027 3001 1160 3102 potius,

181 3129 208 3164 “
226 3144 336 3217 quam
352 3117 391 3192 in
410 3116 540 3207 castris,
572 3120 732 3193 acturos?
762 3121 850 3195 haec
865 3119 1035 3197 diuafint
1049 3123 1161 3199 Patri-

136 3225 142 3235 ’
181 3249 208 3283 “
226 3242 306 3314 bus.
355 3241 427 3326 Te,
457 3237 660 3336 imperator,
693 3238 825 3314 milites
853 3239 907 3316 tui
934 3267 1088 3334 oramus,
1118 3265 1162 3320 ut

154 3342 159 3348 ⁴
182 3368 207 3402 “
224 3356 330 3435 nobis
343 3357 529 3457 pugnandi
552 3357 695 3456 copiam
710 3357 827 3434 facias.
877 3366 1005 3462 Quum
1020 3365 1161 3441 vincere

155 3490 208 3570 ‚“
225 3478 408 3577 cupimus,
440 3499 520 3552 tum
542 3497 577 3551 te
603 3480 697 3553 duce
723 3478 883 3568 vincere3
915 3480 983 3558 tibi
1005 3487 1162 3564 lauream

182 3611 208 3644 “
225 3598 399 3698 insignem
419 3597 575 3686 deferre3
604 3618 725 3673 tecum
750 3599 1008 3698 triumphantes
1033 3611 1161 3685 urbem

182 3730 208 3764 “
224 3719 335 3807 inire3
369 3738 476 3794 tuum
503 3717 687 3816 sequentes
720 3745 865 3795 curtum
898 3723 998 3817 Jovis
1031 3729 1160 3826 optimi

183 3836 376 3915 “maximi
402 3840 578 3938 templum
599 3859 773 3938 gratantes
796 3843 1008 3944 ovantesque
1031 3849 1163 3924 adire.’'

182 3958 391 4037 Orationem
406 3957 522 4036 Tullii
536 3981 753 4059 exceperunt
767 3984 889 4060 preces
901 3955 1160 4046 multitudinis:
