3067 5342
351 626 396 722 78
665 622 978 697 T.L1vtr

349 790 517 867 omnibus
537 790 625 868 locis
649 794 774 868 caedes
790 793 857 867 est:
889 790 987 866 nuda
1002 815 1148 889 corpora
1164 796 1198 868 ὅτ
1217 790 1328 869 soluta

348 911 472 985 somno
487 912 719 988 trucidantur.
771 916 959 987 Extremus
985 934 1103 985 tamen
1130 938 1237 1010 pavor
1263 938 1326 987 cu-

348 1030 481 1107 bilibus
497 1031 567 1105 suis
583 1032 732 1120 excitos,
763 1058 854 1130 quae
877 1052 938 1105 aut
959 1033 1058 1107 unde
1075 1030 1128 1104 vis
1151 1034 1246 1121 effet,
1272 1032 1326 1131 ig-

347 1172 461 1237 naros,
488 1150 524 1223 in
551 1151 689 1249 sugam,
714 1156 748 1225 az
776 1148 948 1249 quosdam
981 1150 1019 1223 in
1048 1152 1184 1226 hostem
1209 1149 1326 1249 ipsum

346 1269 551 1369 inprovidos
566 1268 661 1344 tulit.
710 1271 848 1369 Magna
860 1296 937 1367 pars
950 1270 988 1345 in
1001 1296 1126 1370 agrum
1141 1272 1325 1345 Antiatem

347 1390 468 1479 delati,
493 1390 690 1467 incurfione
715 1394 759 1465 ab
782 1390 970 1489 oppidanis
996 1390 1034 1463 in
1060 1394 1193 1488 palatos
1220 1388 1323 1477 sacta,

345 1510 684 1585 circumveniuntur.
733 1510 864 1585 Similis
880 1510 918 1584 in
933 1536 1016 1610 agro
1031 1508 1169 1607 Vejenti
1186 1508 1324 1583 Tusco-

346 1656 427 1705 rum
443 1629 534 1705 facta
547 1632 674 1729 strages
690 1631 756 1705 est:
790 1629 854 1728 qui
870 1630 982 1719 urbis,
1010 1630 1085 1725 jam
1107 1655 1217 1727 prope
1235 1655 1322 1727 qua·

344 1748 657 1849 dringentesrmum
695 1775 830 1825 annum
868 1748 1017 1836 vicinae,
1057 1752 1234 1847 obpressae
1276 1752 1322 1823 ab

344 1868 442 1944 hoste
471 1868 643 1943 invisitato
673 1868 921 1966 inauditoque,
946 1870 1036 1942 adeo
1060 1868 1150 1942 nihil
1176 1866 1320 1941 miseriti

342 1986 436 2074 sunt,
461 2010 503 2063 ut
521 1988 560 2061 in
576 2014 701 2086 agrum
718 1991 927 2062 Romanum
944 2014 987 2062 eo
1003 2010 1160 2087 tempore
1178 1988 1320 2063 incurfi-

342 2132 428 2180 ones
456 2106 623 2194 facerent,
665 2107 835 2204 plenique
876 2109 1024 2205 praedae
1055 2108 1160 2202 Vejos
1198 2107 1318 2197 etiam,

341 2225 623 2324 praefidiumque
650 2229 684 2298 ἃ
711 2224 809 2322 spem
835 2226 998 2301 ultimam
1022 2226 1178 2301 Romani
1204 2229 1319 2302 nomi-

343 2345 410 2434 nis,
453 2344 491 2418 in
515 2344 636 2419 animo
668 2344 857 2418 habuerint
881 2349 1097 2444 obpugnare.
1148 2345 1319 2421 Viderant

269 2524 278 2541 .
342 2493 401 2540 eos
419 2464 547 2540 milites
572 2464 743 2552 Romani,
769 2486 934 2563 vagantes
960 2492 1023 2563 per
1048 2490 1148 2563 agros
1174 2471 1208 2539 δι
1233 2492 1317 2540 con-

341 2606 500 2685 gregatos
526 2583 681 2683 agmine,
711 2585 877 2682 praedam
907 2611 987 2683 prae
1021 2584 1053 2658 se
1084 2607 1239 2685 agentes,
1282 2590 1317 2660 a

342 2706 450 2780 castra
466 2709 655 2781 cernebant
680 2705 779 2776 haud
804 2705 930 2799 procul
948 2702 1043 2799 Vejis
1060 2708 1177 2801 p0s1ta.
1227 2708 1316 2779 Inde

339 2824 497 2924 primum
522 2823 696 2899 miseratio
718 2821 784 2909 sui,
820 2822 951 2896 deinde
979 2822 1184 2921 indignitas,
1210 2849 1317 2923 atque

339 2972 384 3019 ex
415 2944 533 3019 caira
556 2942 693 3017 animos
723 2944 830 3039 cepit,
863 2940 1113 3017 “Etruscisne
1142 2943 1261 3032 etiam,
1295 2972 1317 3019 a

340 3063 515 3162 “quibus
541 3064 677 3138 bellum
704 3062 884 3136 Gallicum
912 3061 949 3135 in
966 3060 999 3135 se
1025 3062 1234 3152 avertissent,
1260 3066 1314 3139 lu-

339 3195 364 3227 “
383 3182 501 3257 dibrio
534 3184 600 3255 effe
638 3182 754 3255 clades
793 3180 867 3254 suas
882 3184 918 3253 ?'’
969 3181 1042 3255 Vix
1079 3205 1314 3282 temperavere

337 3301 478 3388 animis,
505 3301 594 3398 quin
622 3301 801 3396 extemplo
823 3300 986 3397 inpetum
1013 3300 1182 3377 facerent:
1215 3331 1313 3378 com-

336 3422 507 3517 preffique
539 3444 560 3491 a
587 3418 757 3493 Caedicio
788 3419 1007 3508 centurione,
1033 3447 1142 3519 quem
1176 3422 1314 3497 sibimet

336 3540 397 3638 ipfi
414 3534 662 3635 praefecerant,
688 3562 761 3610 rem
779 3536 818 3610 in
833 3536 974 3613 n'oclem
987 3539 1189 3615 sustinuere.
1216 3546 1312 3619 Tan-

335 3682 415 3734 tum
431 3683 494 3757 par
510 3655 663 3731 Camillo
686 3654 802 3730 defuit
818 3661 951 3746 auctor,
983 3682 1096 3733 cetera
1112 3662 1239 3735 eodem
1256 3688 1311 3736 or·

334 3778 418 3853 dine
434 3778 633 3875 eodemque
651 3774 811 3850 fortunae
832 3798 959 3850 eventu
978 3778 1082 3876 gesta.
1132 3780 1234 3881 Qrin
1248 3782 1312 3856 eti·

332 3925 403 3986 am,
430 3895 584 3971 ducibus
601 3894 761 3993 captivis,
791 3894 855 3993 qui
871 3896 970 3969 caedi
988 3900 1178 3973 noclurnae
1195 3900 1312 3999 super·

332 4016 483 4102 fuerant,
516 4016 562 4087 ad
584 4014 690 4088 aliam
712 4040 860 4089 manum
884 4015 1086 4092 Tuscorum
1109 4021 1155 4093 ad
1181 4020 1311 4095 Salinas
