3067 5342
500 715 853 790 LruquX.
1084 743 1154 815 393

170 885 232 975 set,
262 884 301 960 ni
323 883 515 962 obstinatos
541 884 632 960 mori
649 879 788 960 Tuscos
817 909 891 958 nox
919 880 1054 958 texisset
1061 915 1073 970 ;
1108 883 1157 958 lta

169 1030 212 1081 ut
238 1006 387 1081 victores
416 1005 526 1105 prius,
564 1031 674 1104 quam
699 1004 800 1091 vieti,
834 1003 1019 1104 pugnandi
1047 1008 1157 1080 finem

172 1127 337 1204 facerent.
387 1127 470 1202 Post
487 1125 652 1201 occasum
668 1124 748 1200 solis
765 1128 903 1224 signum
920 1126 1077 1225 receptui
1096 1129 1157 1201 da·
1283 1196 1285 1204 ,

170 1272 250 1324 tum
277 1247 352 1322 est:
381 1248 485 1320 nocie
511 1250 558 1320 ab
592 1267 744 1344 utroque
778 1243 817 1318 in
850 1245 958 1318 castra
988 1247 1157 1323 reditum.

172 1372 252 1445 Nec
271 1367 403 1443 deiude
419 1366 622 1466 quidquam
637 1393 682 1441 eo
704 1392 799 1440 anno
823 1365 872 1439 rei
890 1365 1062 1440 memoria
1079 1365 1158 1466 dig·

88 1497 98 1508 '
172 1515 238 1563 nae
255 1489 352 1588 apud
375 1487 536 1563 Sutrium
559 1487 700 1586 gestum
714 1487 783 1575 est;
816 1485 903 1586 quia
923 1491 958 1560 δι
985 1511 1030 1560 ex
1053 1487 1160 1560 hosti-

170 1635 236 1683 um
252 1608 412 1684 exercitu
430 1607 546 1707 prima
571 1630 646 1683 tota
667 1607 759 1682 acies
780 1609 897 1682 deleta
919 1632 995 1684 utro
1024 1606 1160 1705 proelio

170 1727 296 1818 suem,
321 1728 532 1804 subfidiariis
556 1729 668 1802 modo
693 1727 836 1817 relicus,
865 1727 928 1804 vix
959 1730 1061 1828 quod
1081 1725 1159 1802 satis

171 1853 255 1926 effet
270 1852 315 1925 ad
336 1850 529 1925 castrorum
546 1848 773 1946 praesidium:
809 1853 843 1923 δι
860 1851 958 1948 apud
974 1852 1161 1924 Romanos

174 1992 314 2046 tantum
343 1971 533 2044 vulnerum
556 1968 640 2059 fuit,
668 1991 710 2044 ut
736 1972 853 2068 plures
883 1970 962 2069 post
984 1967 1160 2068 proelium

173 2090 283 2166 saucii
300 2090 517 2179 decesserint,
550 2116 659 2188 quam
675 2090 876 2166 ceciderant
891 2089 929 2164 irr
952 2089 1040 2166 acie.

221 2212 401 2286 XXXIII.
427 2209 640 2311 QFabius,
672 2209 889 2310 insequentis
915 2209 999 2286 anni
1023 2207 1159 2298 consul,

175 2332 313 2408 bellum
339 2331 387 2404 ad
411 2329 573 2405 Sutrium
601 2331 755 2430 excepit.
805 2334 954 2433 Collega
983 2330 1096 2407 Fabio
1117 2332 1162 2406 C.

176 2451 341 2527 Marcius
365 2451 517 2525 Rutilus
539 2453 644 2526 datus
669 2452 730 2526 cll.
781 2454 951 2528 Ceterum
975 2451 1164 2526 &Fabius

174 2571 463 2671 supplementum
480 2576 527 2646 ab
542 2574 664 2648 Roma
686 2571 853 2661 adduxit,
882 2575 916 2647 &
934 2598 1049 2647 novus
1065 2597 1163 2646 exer-

173 2693 267 2768 citus
282 2695 395 2768 domo
411 2692 551 2767 adcitus
562 2692 718 2768 Etruscis
731 2693 841 2768 venit.
891 2692 1064 2768 Permulti
1077 2691 1163 2767 anni

168 2814 243 2911 jam
254 2835 366 2902 erant,
395 2838 512 2912 quum
528 2811 619 2888 inter
634 2813 800 2912 patricios
816 2810 1036 2914 magistratus
1051 2813 1164 2888 tribu·

176 2933 312 3034 nosque
345 2937 444 3008 nulla
476 2933 669 3008 certamina
698 2933 866 3009 fuerant:
905 2960 1022 3032 quum
1052 2963 1098 3009 ex
1124 2961 1166 3010 ea

176 3054 325 3142 familia,
358 3078 449 3153 quae
468 3056 566 3129 velut
589 3053 703 3130 fatalis
720 3077 800 3129 tum
823 3054 974 3130 tribunis
1003 3083 1045 3132 ac
1068 3055 1164 3155 plebi

175 3198 262 3265 erat,
294 3197 474 3251 certamen
490 3175 614 3250 oritur.
664 3181 738 3276 Ap.
756 3173 931 3250 Claudius
946 3175 1081 3264 censor,
1100 3175 1165 3250 cir-

177 3295 350 3372 cumaffis
369 3298 498 3371 decem
517 3301 555 3370 δι
572 3298 655 3370 osio
671 3293 863 3383 mensibus,
888 3295 990 3393 quod
1008 3293 1166 3370 Aemilia

71 3459 76 3464 ·
179 3421 257 3520 lege
297 3418 443 3493 finitum
481 3415 645 3492 censurae
676 3415 830 3515 spatium
869 3413 1039 3514 temporis
1080 3437 1165 3504 erat,

177 3567 294 3640 quum
317 3542 360 3616 C.
378 3537 539 3614 Plautius
555 3539 691 3637 collega
709 3537 784 3634 ejus
794 3534 998 3635 magistratu
1015 3533 1049 3610 se
1065 3535 1168 3610 abdi·

179 3663 296 3748 callet,
321 3661 420 3734 nulle
449 3657 486 3732 vi
516 3656 697 3756 compelli,
733 3678 776 3730 ut
803 3655 995 3743 abdicaret,
1038 3654 1166 3753 potuit.

180 3784 222 3855 P.
246 3777 476 3880 Sempronius
501 3798 573 3853 erat
598 3776 762 3854 tribunus
792 3775 930 3875 plebis3
956 3774 1021 3874 qui
1042 3775 1168 3851 finien-

179 3903 245 3976 dae
270 3900 437 3977 censurae
464 3898 556 3974 iutra
586 3897 793 3999 legitimum
822 3917 963 3995 tempus
989 3895 1167 3974 aclionem

175 4021 388 4125 susceperat,
420 4047 494 4097 non
506 4021 715 4122 popularem
728 4017 855 4118 magis,
886 4043 995 4117 quam
1007 4017 1141 4116 justam
1153 4053 1166 4110 3

181 4169 246 4221 nec
265 4143 303 4218 in
323 4145 468 4246 vulgus,
496 4167 607 4241 quam
629 4137 770 4239 optimo
793 4136 939 4238 cuique,
964 4139 1167 4240 gratiorem
