3067 5342
404 649 475 726 ⁸50
742 627 1058 704 T.Lrvrr

400 817 427 850 ‘⁶
442 805 567 880 hostes.
617 807 716 906 Ergo
735 831 799 882 vos
823 803 920 905 prius
942 803 980 880 in
1003 833 1060 880 me
1083 805 1286 881 strinxeritis
1308 805 1377 882 fer·

400 935 427 970 “
444 951 539 1012 rum,
571 951 679 1024 quam
707 925 745 1000 in
771 952 834 1000 vos
860 953 938 1026 ego.
988 925 1094 1002 Istinc
1116 931 1212 1027 signa
1237 947 1377 1014 canent,

400 1056 426 1090 ‘⁴
444 1045 547 1121 istinc
563 1047 695 1120 clamor
711 1045 809 1144 prius
826 1045 971 1146 incipiet
983 1068 1089 1145 atque
1105 1048 1258 1144 inpetus,
1279 1049 1307 1120 ,fi
1321 1046 1377 1120 di·

400 1175 427 1212 “
444 1163 652 1240 micandum
682 1167 742 1239 est.
793 1167 956 1242 Inducite
990 1167 1027 1241 in
1060 1165 1236 1254 animum,
1275 1169 1377 1264 quod

399 1297 426 1332 ‘³
444 1312 517 1360 non
540 1284 760 1360 induxerunt
782 1308 893 1384 patres
914 1286 1042 1385 avique
1063 1285 1187 1374 vestri3
1214 1313 1287 1360 non
1310 1287 1377 1376 illi,

399 1418 425 1452 “
443 1405 509 1506 qui
538 1403 576 1480 in
601 1409 746 1482 Sacrum
776 1429 934 1480 montem
964 1405 1192 1494 lecelinum,
1224 1433 1296 1481 non
1324 1408 1378 1497 hi,

398 1538 424 1574 “
442 1526 507 1626 qui
522 1526 639 1626 postea
656 1523 878 1635 Aventinum
892 1525 1103 1602 insederunt.
1154 1527 1376 1628 Exspeclete,

399 1659 427 1694 “
452 1649 542 1722 dum
565 1645 667 1721 vobis
683 1645 838 1746 fingulis,
863 1668 904 1720 ut
919 1647 1007 1721 olim
1023 1645 1226 1738 Coriolano,
1251 1669 1378 1724 matres

398 1779 425 1812 “
443 1763 682 1866 conjugesque
712 1765 870 1842 crinibus
910 1770 1008 1864 paliis
1046 1768 1171 1844 obviae
1209 1773 1256 1844 ab
1287 1773 1378 1845 urbe

398 1899 425 1932 “
441 1885 596 1962 veniant.
645 1889 746 1960 Tum
767 1885 976 1961 Volscorum
998 1887 1168 1986 legiones,
1194 1889 1280 1988 quia
1296 1893 1373 1964 Ro·

398 2019 424 2054 ‘⁴
441 2034 590 2084 manum
602 2008 779 2082 habebant
789 2007 933 2096 ducem,
951 2007 1178 2104 quieverunt:
1198 2036 1276 2098 vos,
1299 2013 1375 2084 Ro-

396 2141 566 2204 “manus
592 2126 778 2215 exercitus,
814 2153 857 2201 ne
890 2125 1086 2201 destiteritis
1120 2126 1219 2228 inpio
1252 2133 1371 2206 bello?

398 2261 425 2295 ‘⁸
442 2251 491 2324 T.
511 2245 674 2350 Qrineli,
700 2240 917 2346 quocunque
940 2245 1017 2324 istic
1038 2249 1133 2336 loco,
1158 2247 1216 2323 seu
1238 2253 1374 2340 volens,

398 2367 499 2442 “seu
535 2366 691 2456 invitus,¹
717 2366 914 2456 constitisti,
951 2371 974 2440 fi
1009 2367 1258 2444 dimicandum
1297 2369 1375 2459 erit,

398 2500 425 2536 ‘⁸
451 2510 528 2564 tum
546 2509 586 2562 tu
603 2487 641 2562 in
658 2487 856 2562 noviffimos
873 2509 907 2563 te
930 2487 1095 2586 recipito:
1121 2487 1252 2588 fugeris
1267 2511 1373 2565 etiam

397 2620 423 2655 “
441 2607 632 2696 honestius,
658 2628 869 2706 tergumque
892 2606 963 2681 civi
983 2606 1134 2696 dederis,
1158 2635 1266 2708 quam
1282 2635 1372 2710 pug-

397 2741 423 2775 “
442 2727 577 2804 noveris
589 2748 710 2804 contra
721 2726 880 2826 patriam.
923 2731 1034 2802 Nunc
1049 2729 1096 2802 ad
1109 2727 1372 2824 pacificandum

397 2859 423 2894 “
441 2853 532 2924 bene
557 2870 662 2946 atque
681 2847 823 2922 honeste
840 2847 931 2922 inter
948 2849 1079 2947 primos
1093 2849 1209 2937 stabis,
1236 2853 1269 2924 δι
1287 2875 1371 2924 con·

395 2980 422 3015 ‘⁴
438 2967 551 3068 loquii
564 2969 668 3065 hujus
682 2966 835 3044 salutaris
850 2967 1014 3068 interpres
1028 2968 1145 3044 fueris.
1195 2969 1371 3044 Postulate

394 3101 421 3135 “
438 3115 563 3188 aequa,
589 3095 623 3164 δι·
650 3087 755 3164 ferte:
782 3114 1002 3189 quamquam
1030 3091 1086 3164 vel
1115 3089 1248 3188 iniquis
1281 3088 1369 3162 stan·

395 3222 421 3256 “
439 3213 529 3286 dum
545 3209 595 3286 est
609 3209 741 3308 potius,
768 3236 876 3309 quarn
900 3209 1010 3308 inpias
1028 3209 1118 3285 inter
1133 3236 1199 3284 nos
1215 3208 1370 3285 consere·

394 3344 420 3378 “
437 3359 518 3408 mus
545 3333 705 3406 manus.”
752 3333 800 3406 T.
830 3330 1023 3431 Qrinclius
1055 3331 1181 3429 plenus
1212 3329 1371 3406 lacrima-

394 3478 487 3540 rum,
518 3453 565 3526 ad
596 3451 675 3527 suos
702 3449 832 3538 versus,
872 3462 897 3496 “
921 3455 988 3526 Me
1018 3455 1200 3552 quoque,”
1238 3449 1371 3554 inquit,

397 3585 422 3617 “
440 3571 582 3662 milites,
607 3577 631 3646 sr
660 3571 741 3671 quis
767 3571 848 3647 usus
875 3570 947 3646 mei
969 3571 1030 3660 est,
1057 3572 1239 3647 meliorem
1260 3571 1370 3670 pacis,

394 3705 421 3738 “
439 3719 548 3793 quam
580 3691 676 3781 belli,
712 3691 847 3768 habetis
877 3695 1019 3769 ducem.
1069 3695 1157 3766 Non
1186 3692 1283 3766 enim
1312 3691 1373 3766 illa

396 3827 421 3861 “
439 3815 551 3890 modo
567 3811 713 3886 Volscus
729 3834 790 3887 aut
806 3812 956 3902 Samnis,
974 3813 1033 3888 sed
1050 3817 1249 3901 Romanus,
1265 3816 1373 3888 verba

395 3947 421 3982 “
438 3935 542 4023 fecit3
567 3933 676 4008 vester
697 3932 834 4023 consul,
861 3933 970 4008 vester
996 3933 1195 4033 imperator,
1222 3931 1369 4007 milites:

395 4067 421 4102 ‘⁴
439 4057 539 4154 cujus
555 4053 708 4154 auspicia
725 4081 789 4154 pro
810 4053 912 4132 vobis
930 4053 1065 4154 experti
1086 4054 1195 4130 nolite
1211 4051 1373 4130 adversus
