3067 5342
497 714 829 787 LrarnV.
1115 732 1157 807 71

180 909 376 986 rentaeque
408 887 505 962 urbis
537 913 601 986 per
634 909 807 968 trecentos
839 883 1017 986 sexaginta
1047 907 1157 958 annos

181 1008 350 1082 omnibus
366 1007 466 1082 bellis
484 1007 652 1094 vidricis
682 1032 931 1104 quaecumque
957 1005 1093 1103 reliqua
1108 1000 1158 1076 es-

179 1126 242 1214 set,
283 1127 473 1202 fortunam.
524 1125 832 1226 Digredientibus,
868 1124 931 1223 qui
957 1124 1052 1222 spem
1082 1149 1158 1195 om-

180 1273 265 1322 nem
280 1268 385 1345 atque
403 1273 509 1344 opem
525 1245 643 1320 secum
660 1245 831 1331 serebant,
857 1247 901 1318 ab
919 1243 975 1332 iis,
1000 1242 1063 1342 qui
1077 1269 1157 1339 cap-

180 1388 235 1440 tae
261 1365 360 1440 urbis
386 1393 459 1438 non
475 1364 643 1462 superesse
667 1363 855 1437 statuerant
880 1361 990 1436 exitio
997 1397 1009 1450 3
1040 1386 1157 1460 quum

179 1484 253 1584 ipsa
279 1511 330 1559 res
352 1482 552 1582 speciesque
582 1481 784 1558 miserabilis
809 1505 892 1570 erat,
926 1504 1005 1556 tum
1030 1481 1157 1555 mulie-

180 1603 253 1679 bris
275 1607 429 1678 fletus&
456 1602 673 1677 concursatio
689 1602 833 1690 incerta,
863 1628 960 1678 nunc
980 1605 1044 1674 hos
1061 1627 1158 1675 nunc

180 1721 260 1798 illos
276 1721 515 1820 sequentium,
541 1721 843 1820 rogitantiumque
866 1720 958 1795 viros
975 1719 1157 1818 natosque,
1202 1741 1207 1754 ‘

181 1841 241 1916 cui
259 1839 293 1915 se
312 1841 384 1916 sato
409 1843 543 1927 darent,
577 1839 681 1928 nihil,
707 1842 809 1938 quod
825 1840 989 1914 humanis
1006 1838 1157 1938 superes

182 1961 231 2034 set
248 1961 362 2049 malis,
389 1960 646 2058 relinquebant.
696 1963 834 2060 Magna
856 1985 933 2056 pars
958 1983 1078 2034 tamen
1102 1985 1158 2032 ea·

182 2105 262 2152 rum
292 2081 329 2154 in
353 2105 469 2154 arcem
490 2078 569 2152 suos
600 2077 802 2176 prosecutae
824 2079 918 2167 sunt,
945 2105 1010 2153 nec
1039 2060 1157 2176 prohi-

182 2203 288 2272 bente
305 2200 393 2287 ullo,
423 2225 489 2273 nec
509 2220 674 2272 vocante:
701 2199 799 2297 quia,
827 2201 927 2297 quod
942 2199 1029 2273 utile
1046 2195 1157 2272 obses-

183 2321 222 2391 srs
242 2319 289 2392 ad
305 2317 534 2392 minuendam
549 2317 718 2393 inbellem
735 2317 1018 2407 multitudinem,
1044 2317 1084 2391 id
1097 2343 1158 2415 pa-

182 2464 263 2512 rum
279 2440 477 2512 humanum
495 2458 576 2510 erat.
627 2438 710 2512 Alia
735 2438 890 2512 maxime
907 2438 1020 2535 plebis
1041 2440 1157 2523 turba,

182 2581 292 2654 quarn
307 2583 372 2631 nec
387 2582 509 2652 capere
525 2579 597 2630 tam
613 2557 765 2656 exiguus
782 2557 893 2644 collis,
922 2584 988 2630 nec
1004 2559 1094 2628 alere
1118 2553 1156 2626 in

182 2697 277 2750 tanta
293 2674 413 2774 inopia
432 2675 600 2749 frumenti
617 2698 763 2773 poterat,
790 2703 836 2749 ex
861 2679 950 2750 urbe
975 2673 1081 2748 effusa
1099 2699 1158 2746 ve·

182 2799 237 2868 lut
253 2795 394 2893 agmine
403 2795 479 2890 jam
496 2821 570 2868 uno
592 2795 694 2892 petiit
710 2796 929 2891 Janiculum.
980 2794 1068 2867 Inde
1081 2819 1159 2890 pars

182 2939 245 3012 per
257 2940 356 3013 agros
373 2913 506 3012 dilapsi,
533 2940 609 3012 pars
625 2918 729 2989 urbes
743 2937 869 3013 petunt
883 2913 1063 3000 finitimas,
1090 2916 1159 2985 fine

182 3037 258 3107 ullo
278 3036 371 3109 duce
388 3056 451 3108 aut
473 3032 653 3122 consensu,
684 3033 782 3107 suam
799 3032 949 3131 quisque
962 3032 1073 3130 spem,
1099 3031 1160 3105 sua

183 3153 336 3240 consilia,
377 3153 630 3228 communibus
672 3151 872 3249 deploratis,
919 3152 1158 3250 exsequentes.

183 3275 331 3347 Flamen
356 3272 497 3347 interim
527 3271 721 3372 Qtirinalis
747 3269 971 3369 virginesque
992 3273 1158 3360 Vestales,

182 3393 305 3466 omissa
320 3419 436 3466 rerum
453 3391 593 3466 suarum
608 3417 704 3478 cura,
739 3416 830 3488 quae
847 3389 1022 3464 sacrorum
1040 3391 1159 3467 secum

182 3512 338 3600 ferenda,
370 3539 461 3610 quae
490 3510 590 3610 (quia
613 3510 702 3584 vires
719 3511 765 3582 ad
780 3508 902 3583 omnia
917 3509 1061 3585 serenda
1077 3513 1159 3585 dee·

184 3635 275 3725 rant)
303 3631 535 3730 relinquenda
554 3632 674 3717 essent,
709 3629 956 3718 consultantes,
982 3630 1104 3727 quisve
1121 3658 1162 3705 ea

184 3753 284 3826 locus
301 3751 398 3826 fideli
421 3750 661 3824 adservaturus
682 3747 842 3824 custodia
858 3752 957 3836 effet3
983 3748 1161 3846 optimum

186 3873 339 3958 ducunt,
372 3869 516 3944 condita
529 3867 566 3942 in
582 3867 722 3943 doliolis
739 3868 863 3943 sacello
883 3868 1049 3965 proximo
1065 3867 1161 3940 aedi-

186 3995 252 4066 bus
275 3989 428 4066 flaminis
451 3987 657 4089 Qririnalis,
684 3987 749 4062 ubi
773 4013 869 4061 nunc
893 3985 1015 4084 despui
1039 3986 1162 4085 religio

186 4111 247 4200 est,
273 4109 456 4191 defodere:
484 4129 597 4184 cetera
613 4106 703 4181 inter
722 4105 755 4182 se
772 4133 877 4182 onere
900 4104 1029 4206 partito
1046 4106 1164 4182 serunt
