<?xml version="1.0" encoding="UTF-8"?>
<!DOCTYPE html PUBLIC "-//W3C//DTD XHTML 1.0 Transitional//EN"
    "http://www.w3.org/TR/xhtml1/DTD/xhtml1-transitional.dtd">
<html xmlns="http://www.w3.org/1999/xhtml" xml:lang="en" lang="en">
 <head>
  <title>
</title>
<meta http-equiv="Content-Type" content="text/html;charset=utf-8" />
  <meta name='ocr-system' content='tesseract 3.04.00' />
  <meta name='ocr-capabilities' content='ocr_page ocr_carea ocr_par ocr_line ocrx_word'/>
</head>
<body>
  <div class='ocr_page' id='page_1' title='image "./tliviipatavinih00homegoog_0271.png"; bbox 0 0 3067 5342; ppageno 0'>
   <div class='ocr_carea' id='block_1_1' title="bbox 492 644 1181 760">
    <p class='ocr_par' dir='ltr' id='par_1_1' title="bbox 492 644 1181 760">
     <span class='ocr_line' id='line_1_1' title="bbox 492 644 1181 760; baseline 0.001 -39"><span class='ocrx_word' id='word_1_1' title='bbox 492 644 700 722; x_wconf 79' lang='lat' dir='ltr'>Ltoan</span> <span class='ocrx_word' id='word_1_2' title='bbox 752 645 851 720; x_wconf 88' lang='lat' dir='ltr'><strong>VIII.</strong></span> <span class='ocrx_word' id='word_1_3' title='bbox 1023 754 1026 760; x_wconf 17' lang='grc' dir='ltr'><em>ι</em></span> <span class='ocrx_word' id='word_1_4' title='bbox 1113 651 1181 748; x_wconf 80' lang='lat'>263</span> 
     </span>
    </p>
   </div>
   <div class='ocr_carea' id='block_1_2' title="bbox 205 818 1183 4154">
    <p class='ocr_par' dir='ltr' id='par_1_2' title="bbox 205 818 1183 3432">
     <span class='ocr_line' id='line_1_2' title="bbox 209 818 1182 917; baseline 0.004 -25"><span class='ocrx_word' id='word_1_5' title='bbox 209 818 355 894; x_wconf 90' lang='lat' dir='ltr'>“nobis</span> <span class='ocrx_word' id='word_1_6' title='bbox 388 846 450 917; x_wconf 92' lang='lat' dir='ltr'>per</span> <span class='ocrx_word' id='word_1_7' title='bbox 481 847 546 894; x_wconf 88' lang='lat' dir='ltr'>nos</span> <span class='ocrx_word' id='word_1_8' title='bbox 573 823 791 896; x_wconf 89' lang='lat' dir='ltr'>tuendorum</span> <span class='ocrx_word' id='word_1_9' title='bbox 817 822 877 916; x_wconf 89' lang='lat' dir='ltr'>jus</span> <span class='ocrx_word' id='word_1_10' title='bbox 906 841 1007 895; x_wconf 91' lang='lat' dir='ltr'>antea</span> <span class='ocrx_word' id='word_1_11' title='bbox 1038 822 1182 909; x_wconf 82' lang='lat' dir='ltr'>dabant,</span> 
     </span>
     <span class='ocr_line' id='line_1_3' title="bbox 207 937 1182 1039; baseline 0.006 -29"><span class='ocrx_word' id='word_1_12' title='bbox 207 949 233 982; x_wconf 91' lang='lat'><strong>“</strong></span> <span class='ocrx_word' id='word_1_13' title='bbox 252 937 341 1012; x_wconf 89' lang='lat' dir='ltr'>nihil</span> <span class='ocrx_word' id='word_1_14' title='bbox 355 938 626 1015; x_wconf 87' lang='lat' dir='ltr'>intercesserunt.</span> <span class='ocrx_word' id='word_1_15' title='bbox 676 940 852 1016; x_wconf 83' lang='lat' dir='ltr'>Sidicinos</span> <span class='ocrx_word' id='word_1_16' title='bbox 875 939 913 1014; x_wconf 90' lang='lat' dir='ltr'>in</span> <span class='ocrx_word' id='word_1_17' title='bbox 937 942 1046 1014; x_wconf 88' lang='lat' dir='ltr'>fidem</span> <span class='ocrx_word' id='word_1_18' title='bbox 1064 968 1182 1039; x_wconf 74' lang='lat' dir='ltr'>recep·</span> 
     </span>
     <span class='ocr_line' id='line_1_4' title="bbox 208 1059 1180 1158; baseline 0.006 -28"><span class='ocrx_word' id='word_1_19' title='bbox 208 1068 233 1100; x_wconf 91' lang='lat'><strong>“</strong></span> <span class='ocrx_word' id='word_1_20' title='bbox 251 1079 318 1146; x_wconf 90' lang='lat' dir='ltr'>tos,</span> <span class='ocrx_word' id='word_1_21' title='bbox 341 1061 539 1158; x_wconf 89' lang='lat' dir='ltr'>Campanos</span> <span class='ocrx_word' id='word_1_22' title='bbox 555 1063 600 1134; x_wconf 91' lang='lat' dir='ltr'>ab</span> <span class='ocrx_word' id='word_1_23' title='bbox 622 1059 654 1134; x_wconf 92' lang='lat' dir='ltr'>se</span> <span class='ocrx_word' id='word_1_24' title='bbox 676 1062 722 1134; x_wconf 90' lang='lat' dir='ltr'>ad</span> <span class='ocrx_word' id='word_1_25' title='bbox 744 1087 808 1134; x_wconf 89' lang='lat' dir='ltr'>nos</span> <span class='ocrx_word' id='word_1_26' title='bbox 831 1059 983 1148; x_wconf 84' lang='lat' dir='ltr'>descisse,</span> <span class='ocrx_word' id='word_1_27' title='bbox 1008 1062 1180 1136; x_wconf 87' lang='lat' dir='ltr'>exercitus</span> 
     </span>
     <span class='ocr_line' id='line_1_5' title="bbox 207 1166 1181 1275; baseline 0.006 -25"><span class='ocrx_word' id='word_1_28' title='bbox 207 1187 313 1252; x_wconf 91' lang='lat' dir='ltr'>“nos</span> <span class='ocrx_word' id='word_1_29' title='bbox 345 1204 462 1275; x_wconf 86' lang='lat' dir='ltr'>parare</span> <span class='ocrx_word' id='word_1_30' title='bbox 488 1178 649 1253; x_wconf 89' lang='lat' dir='ltr'>adversus</span> <span class='ocrx_word' id='word_1_31' title='bbox 679 1180 851 1254; x_wconf 86' lang='lat' dir='ltr'>Samnites</span> <span class='ocrx_word' id='word_1_32' title='bbox 880 1179 1074 1256; x_wconf 90' lang='lat' dir='ltr'>foederatos</span> <span class='ocrx_word' id='word_1_33' title='bbox 1097 1166 1181 1256; x_wconf 38' lang='lat' dir='ltr'>&#39;suos</span> 
     </span>
     <span class='ocr_line' id='line_1_6' title="bbox 208 1297 1182 1386; baseline 0.006 -18"><span class='ocrx_word' id='word_1_34' title='bbox 208 1307 233 1339; x_wconf 91' lang='lat'><strong>“</strong></span> <span class='ocrx_word' id='word_1_35' title='bbox 252 1297 453 1386; x_wconf 87' lang='lat' dir='ltr'>audierunt,</span> <span class='ocrx_word' id='word_1_36' title='bbox 489 1325 554 1372; x_wconf 94' lang='lat' dir='ltr'>nec</span> <span class='ocrx_word' id='word_1_37' title='bbox 577 1321 765 1374; x_wconf 86' lang='lat' dir='ltr'>moverunt</span> <span class='ocrx_word' id='word_1_38' title='bbox 792 1300 824 1373; x_wconf 88' lang='lat' dir='ltr'>se</span> <span class='ocrx_word' id='word_1_39' title='bbox 851 1304 895 1375; x_wconf 92' lang='lat' dir='ltr'>ab</span> <span class='ocrx_word' id='word_1_40' title='bbox 921 1304 1022 1376; x_wconf 90' lang='lat' dir='ltr'>urbe.</span> <span class='ocrx_word' id='word_1_41' title='bbox 1071 1303 1182 1374; x_wconf 82' lang='lat' dir='ltr'><strong>Unde</strong></span> 
     </span>
     <span class='ocr_line' id='line_1_7' title="bbox 208 1417 1183 1507; baseline 0.002 -17"><span class='ocrx_word' id='word_1_42' title='bbox 208 1427 233 1460; x_wconf 92' lang='lat'><strong>“</strong></span> <span class='ocrx_word' id='word_1_43' title='bbox 252 1419 338 1492; x_wconf 86' lang='lat' dir='ltr'>haec</span> <span class='ocrx_word' id='word_1_44' title='bbox 374 1417 441 1492; x_wconf 92' lang='lat' dir='ltr'>illis</span> <span class='ocrx_word' id='word_1_45' title='bbox 474 1440 569 1492; x_wconf 88' lang='lat' dir='ltr'>tanta</span> <span class='ocrx_word' id='word_1_46' title='bbox 604 1418 787 1507; x_wconf 85' lang='lat' dir='ltr'>modestia,</span> <span class='ocrx_word' id='word_1_47' title='bbox 830 1419 893 1492; x_wconf 88' lang='lat' dir='ltr'>nifi</span> <span class='ocrx_word' id='word_1_48' title='bbox 921 1447 943 1493; x_wconf 91' lang='lat' dir='ltr'>a</span> <span class='ocrx_word' id='word_1_49' title='bbox 971 1419 1183 1494; x_wconf 90' lang='lat' dir='ltr'>conscientia</span> 
     </span>
     <span class='ocr_line' id='line_1_8' title="bbox 206 1536 1181 1613; baseline 0.003 -4"><span class='ocrx_word' id='word_1_50' title='bbox 206 1536 381 1610; x_wconf 89' lang='lat' dir='ltr'>“virium</span> <span class='ocrx_word' id='word_1_51' title='bbox 405 1541 439 1611; x_wconf 77' lang='grc' dir='ltr'>δι</span> <span class='ocrx_word' id='word_1_52' title='bbox 462 1538 655 1612; x_wconf 87' lang='lat' dir='ltr'>nostrarum</span> <span class='ocrx_word' id='word_1_53' title='bbox 676 1543 710 1612; x_wconf 75' lang='grc' dir='ltr'>δι</span> <span class='ocrx_word' id='word_1_54' title='bbox 733 1539 899 1612; x_wconf 82' lang='lat' dir='ltr'>suarum?</span> <span class='ocrx_word' id='word_1_55' title='bbox 925 1541 1077 1612; x_wconf 89' lang='lat' dir='ltr'>Idoneos</span> <span class='ocrx_word' id='word_1_56' title='bbox 1099 1565 1181 1613; x_wconf 82' lang='lat' dir='ltr'>auc·</span> 
     </span>
     <span class='ocr_line' id='line_1_9' title="bbox 207 1656 1181 1756; baseline 0 -26"><span class='ocrx_word' id='word_1_57' title='bbox 207 1667 341 1731; x_wconf 91' lang='lat' dir='ltr'>“tores</span> <span class='ocrx_word' id='word_1_58' title='bbox 366 1659 493 1746; x_wconf 89' lang='lat' dir='ltr'>habeo,</span> <span class='ocrx_word' id='word_1_59' title='bbox 516 1657 744 1756; x_wconf 84' lang='lat' dir='ltr'>querentibus</span> <span class='ocrx_word' id='word_1_60' title='bbox 768 1661 813 1732; x_wconf 91' lang='lat' dir='ltr'>de</span> <span class='ocrx_word' id='word_1_61' title='bbox 835 1657 939 1733; x_wconf 90' lang='lat' dir='ltr'>nobis</span> <span class='ocrx_word' id='word_1_62' title='bbox 965 1656 1181 1732; x_wconf 86' lang='lat' dir='ltr'>Samnitibus</span> 
     </span>
     <span class='ocr_line' id='line_1_10' title="bbox 206 1774 1182 1874; baseline 0.003 -25"><span class='ocrx_word' id='word_1_63' title='bbox 206 1787 233 1820; x_wconf 74' lang='lat'>‘⁴</span> <span class='ocrx_word' id='word_1_64' title='bbox 251 1775 300 1850; x_wconf 92' lang='lat' dir='ltr'>ita</span> <span class='ocrx_word' id='word_1_65' title='bbox 315 1775 516 1874; x_wconf 89' lang='lat' dir='ltr'>responsum</span> <span class='ocrx_word' id='word_1_66' title='bbox 532 1781 577 1853; x_wconf 93' lang='lat' dir='ltr'>ab</span> <span class='ocrx_word' id='word_1_67' title='bbox 593 1776 710 1852; x_wconf 90' lang='lat' dir='ltr'>senatu</span> <span class='ocrx_word' id='word_1_68' title='bbox 729 1781 896 1852; x_wconf 92' lang='lat' dir='ltr'>Romano</span> <span class='ocrx_word' id='word_1_69' title='bbox 916 1779 997 1865; x_wconf 88' lang='lat' dir='ltr'>esse,</span> <span class='ocrx_word' id='word_1_70' title='bbox 1022 1799 1065 1850; x_wconf 89' lang='lat' dir='ltr'>ut</span> <span class='ocrx_word' id='word_1_71' title='bbox 1080 1774 1182 1852; x_wconf 82' lang='lat' dir='ltr'>facile</span> 
     </span>
     <span class='ocr_line' id='line_1_11' title="bbox 207 1895 1183 1995; baseline -0.002 -25"><span class='ocrx_word' id='word_1_72' title='bbox 207 1905 233 1940; x_wconf 91' lang='lat'><strong>“</strong></span> <span class='ocrx_word' id='word_1_73' title='bbox 250 1918 440 1994; x_wconf 83' lang='lat' dir='ltr'>appareret,</span> <span class='ocrx_word' id='word_1_74' title='bbox 470 1923 515 1970; x_wconf 90' lang='lat' dir='ltr'>ne</span> <span class='ocrx_word' id='word_1_75' title='bbox 541 1895 631 1995; x_wconf 89' lang='lat' dir='ltr'>ipsos</span> <span class='ocrx_word' id='word_1_76' title='bbox 659 1897 808 1995; x_wconf 88' lang='lat' dir='ltr'>quidem</span> <span class='ocrx_word' id='word_1_77' title='bbox 830 1898 905 1992; x_wconf 88' lang='lat' dir='ltr'>jam</span> <span class='ocrx_word' id='word_1_78' title='bbox 927 1897 1114 1994; x_wconf 79' lang='lat' dir='ltr'>postulare,</span> <span class='ocrx_word' id='word_1_79' title='bbox 1139 1917 1183 1968; x_wconf 88' lang='lat' dir='ltr'>ut</span> 
     </span>
     <span class='ocr_line' id='line_1_12' title="bbox 207 2013 1181 2114; baseline -0.001 -26"><span class='ocrx_word' id='word_1_80' title='bbox 207 2013 398 2089; x_wconf 88' lang='lat' dir='ltr'>“Latium</span> <span class='ocrx_word' id='word_1_81' title='bbox 421 2015 497 2090; x_wconf 91' lang='lat' dir='ltr'>&#39;sub</span> <span class='ocrx_word' id='word_1_82' title='bbox 524 2019 690 2090; x_wconf 88' lang='lat' dir='ltr'>Romano</span> <span class='ocrx_word' id='word_1_83' title='bbox 720 2014 868 2114; x_wconf 87' lang='lat' dir='ltr'>imperio</span> <span class='ocrx_word' id='word_1_84' title='bbox 904 2017 954 2090; x_wconf 87' lang='lat' dir='ltr'>fit.</span> <span class='ocrx_word' id='word_1_85' title='bbox 1004 2014 1181 2112; x_wconf 88' lang='lat' dir='ltr'>Usurpate</span> 
     </span>
     <span class='ocr_line' id='line_1_13' title="bbox 208 2132 1180 2234; baseline -0.002 -26"><span class='ocrx_word' id='word_1_86' title='bbox 208 2144 232 2178; x_wconf 92' lang='lat'><strong>“</strong></span> <span class='ocrx_word' id='word_1_87' title='bbox 250 2135 359 2209; x_wconf 93' lang='lat' dir='ltr'>modo</span> <span class='ocrx_word' id='word_1_88' title='bbox 374 2135 583 2232; x_wconf 86' lang='lat' dir='ltr'>postulando</span> <span class='ocrx_word' id='word_1_89' title='bbox 600 2162 656 2224; x_wconf 88' lang='lat' dir='ltr'>eo,</span> <span class='ocrx_word' id='word_1_90' title='bbox 684 2138 785 2234; x_wconf 91' lang='lat' dir='ltr'>quod</span> <span class='ocrx_word' id='word_1_91' title='bbox 801 2135 852 2210; x_wconf 92' lang='lat' dir='ltr'>illi</span> <span class='ocrx_word' id='word_1_92' title='bbox 868 2136 970 2212; x_wconf 83' lang='lat' dir='ltr'>vobis</span> <span class='ocrx_word' id='word_1_93' title='bbox 982 2132 1079 2212; x_wconf 90' lang='lat' dir='ltr'>taciti</span> <span class='ocrx_word' id='word_1_94' title='bbox 1096 2160 1180 2208; x_wconf 81' lang='lat' dir='ltr'>con·</span> 
     </span>
     <span class='ocr_line' id='line_1_14' title="bbox 208 2253 1180 2353; baseline 0 -25"><span class='ocrx_word' id='word_1_95' title='bbox 208 2264 233 2297; x_wconf 92' lang='lat'><strong>“</strong></span> <span class='ocrx_word' id='word_1_96' title='bbox 253 2256 397 2328; x_wconf 88' lang='lat' dir='ltr'>cedunt.</span> <span class='ocrx_word' id='word_1_97' title='bbox 446 2253 483 2329; x_wconf 89' lang='lat' dir='ltr'>Si</span> <span class='ocrx_word' id='word_1_98' title='bbox 505 2279 614 2352; x_wconf 91' lang='lat' dir='ltr'>quem</span> <span class='ocrx_word' id='word_1_99' title='bbox 636 2257 705 2330; x_wconf 90' lang='lat' dir='ltr'>hoc</span> <span class='ocrx_word' id='word_1_100' title='bbox 733 2277 847 2330; x_wconf 90' lang='lat' dir='ltr'>metus</span> <span class='ocrx_word' id='word_1_101' title='bbox 866 2257 982 2331; x_wconf 86' lang='lat' dir='ltr'>dicere</span> <span class='ocrx_word' id='word_1_102' title='bbox 1002 2254 1180 2353; x_wconf 86' lang='lat' dir='ltr'>probibet,</span> 
     </span>
     <span class='ocr_line' id='line_1_15' title="bbox 207 2373 1181 2474; baseline -0.001 -25"><span class='ocrx_word' id='word_1_103' title='bbox 207 2386 232 2419; x_wconf 90' lang='lat'><strong>“</strong></span> <span class='ocrx_word' id='word_1_104' title='bbox 252 2402 296 2449; x_wconf 88' lang='lat' dir='ltr'>en</span> <span class='ocrx_word' id='word_1_105' title='bbox 328 2401 396 2474; x_wconf 87' lang='lat' dir='ltr'>ego</span> <span class='ocrx_word' id='word_1_106' title='bbox 432 2373 515 2474; x_wconf 90' lang='lat' dir='ltr'>ipse,</span> <span class='ocrx_word' id='word_1_107' title='bbox 551 2373 715 2448; x_wconf 85' lang='lat' dir='ltr'>audiente</span> <span class='ocrx_word' id='word_1_108' title='bbox 745 2402 818 2449; x_wconf 92' lang='lat' dir='ltr'>non</span> <span class='ocrx_word' id='word_1_109' title='bbox 849 2377 984 2473; x_wconf 92' lang='lat' dir='ltr'>populo</span> <span class='ocrx_word' id='word_1_110' title='bbox 1013 2379 1181 2450; x_wconf 90' lang='lat' dir='ltr'>Romano</span> 
     </span>
     <span class='ocr_line' id='line_1_16' title="bbox 208 2492 1180 2595; baseline 0.001 -27"><span class='ocrx_word' id='word_1_111' title='bbox 208 2505 233 2537; x_wconf 92' lang='lat'><strong>“</strong></span> <span class='ocrx_word' id='word_1_112' title='bbox 252 2495 362 2568; x_wconf 92' lang='lat' dir='ltr'>modo</span> <span class='ocrx_word' id='word_1_113' title='bbox 388 2494 591 2592; x_wconf 85' lang='lat' dir='ltr'>senatuque,</span> <span class='ocrx_word' id='word_1_114' title='bbox 618 2492 678 2568; x_wconf 89' lang='lat' dir='ltr'>sed</span> <span class='ocrx_word' id='word_1_115' title='bbox 701 2495 790 2589; x_wconf 90' lang='lat' dir='ltr'>Jove</span> <span class='ocrx_word' id='word_1_116' title='bbox 813 2493 901 2591; x_wconf 92' lang='lat' dir='ltr'>ipso,</span> <span class='ocrx_word' id='word_1_117' title='bbox 925 2495 988 2593; x_wconf 94' lang='lat' dir='ltr'>qui</span> <span class='ocrx_word' id='word_1_118' title='bbox 1012 2495 1180 2595; x_wconf 88' lang='lat' dir='ltr'>Capitoli-</span> 
     </span>
     <span class='ocr_line' id='line_1_17' title="bbox 208 2612 1180 2713; baseline -0.001 -25"><span class='ocrx_word' id='word_1_119' title='bbox 208 2625 314 2688; x_wconf 91' lang='lat' dir='ltr'>“um</span> <span class='ocrx_word' id='word_1_120' title='bbox 337 2613 474 2702; x_wconf 88' lang='lat' dir='ltr'>incolit,</span> <span class='ocrx_word' id='word_1_121' title='bbox 499 2615 665 2713; x_wconf 86' lang='lat' dir='ltr'>profiteor</span> <span class='ocrx_word' id='word_1_122' title='bbox 687 2640 744 2690; x_wconf 89' lang='lat' dir='ltr'>me</span> <span class='ocrx_word' id='word_1_123' title='bbox 765 2612 945 2686; x_wconf 69' lang='lat' dir='ltr'>diclumm</span> <span class='ocrx_word' id='word_1_124' title='bbox 952 2646 964 2699; x_wconf 85' lang='lat'>3</span> <span class='ocrx_word' id='word_1_125' title='bbox 990 2635 1043 2702; x_wconf 88' lang='lat' dir='ltr'>ut,</span> <span class='ocrx_word' id='word_1_126' title='bbox 1067 2618 1091 2687; x_wconf 87' lang='lat' dir='ltr'>fi</span> <span class='ocrx_word' id='word_1_127' title='bbox 1117 2641 1180 2687; x_wconf 91' lang='lat' dir='ltr'>nos</span> 
     </span>
     <span class='ocr_line' id='line_1_18' title="bbox 207 2731 1178 2821; baseline 0.001 -16"><span class='ocrx_word' id='word_1_128' title='bbox 207 2744 232 2777; x_wconf 92' lang='lat'><strong>“</strong></span> <span class='ocrx_word' id='word_1_129' title='bbox 251 2733 289 2806; x_wconf 93' lang='lat' dir='ltr'>in</span> <span class='ocrx_word' id='word_1_130' title='bbox 308 2731 448 2808; x_wconf 83' lang='lat' dir='ltr'>foedere</span> <span class='ocrx_word' id='word_1_131' title='bbox 467 2760 507 2808; x_wconf 91' lang='lat' dir='ltr'>ac</span> <span class='ocrx_word' id='word_1_132' title='bbox 523 2733 684 2807; x_wconf 90' lang='lat' dir='ltr'>societate</span> <span class='ocrx_word' id='word_1_133' title='bbox 701 2735 767 2807; x_wconf 84' lang='lat' dir='ltr'>effe</span> <span class='ocrx_word' id='word_1_134' title='bbox 785 2732 908 2821; x_wconf 90' lang='lat' dir='ltr'>velint,</span> <span class='ocrx_word' id='word_1_135' title='bbox 932 2731 1113 2808; x_wconf 89' lang='lat' dir='ltr'>consulem</span> <span class='ocrx_word' id='word_1_136' title='bbox 1130 2735 1178 2806; x_wconf 90' lang='lat' dir='ltr'>al-</span> 
     </span>
     <span class='ocr_line' id='line_1_19' title="bbox 208 2851 1181 2950; baseline 0 -24"><span class='ocrx_word' id='word_1_137' title='bbox 208 2864 233 2897; x_wconf 93' lang='lat'><strong>“</strong></span> <span class='ocrx_word' id='word_1_138' title='bbox 252 2875 368 2927; x_wconf 91' lang='lat' dir='ltr'>terum</span> <span class='ocrx_word' id='word_1_139' title='bbox 389 2855 434 2928; x_wconf 90' lang='lat' dir='ltr'>ab</span> <span class='ocrx_word' id='word_1_140' title='bbox 456 2851 560 2927; x_wconf 88' lang='lat' dir='ltr'>nobis</span> <span class='ocrx_word' id='word_1_141' title='bbox 584 2851 788 2950; x_wconf 84' lang='lat' dir='ltr'>senatusque</span> <span class='ocrx_word' id='word_1_142' title='bbox 813 2873 947 2949; x_wconf 86' lang='lat' dir='ltr'>partem</span> <span class='ocrx_word' id='word_1_143' title='bbox 973 2851 1181 2950; x_wconf 88' lang='lat' dir='ltr'>accipiant.”</span> 
     </span>
     <span class='ocr_line' id='line_1_20' title="bbox 205 2967 1178 3067; baseline -0.002 -21"><span class='ocrx_word' id='word_1_144' title='bbox 205 2973 310 3046; x_wconf 87' lang='lat' dir='ltr'>Haec</span> <span class='ocrx_word' id='word_1_145' title='bbox 327 2971 487 3046; x_wconf 87' lang='lat' dir='ltr'>ferociter</span> <span class='ocrx_word' id='word_1_146' title='bbox 503 2998 575 3045; x_wconf 92' lang='lat' dir='ltr'>non</span> <span class='ocrx_word' id='word_1_147' title='bbox 588 2967 744 3046; x_wconf 85' lang='lat' dir='ltr'>suadenti</span> <span class='ocrx_word' id='word_1_148' title='bbox 763 2970 889 3059; x_wconf 90' lang='lat' dir='ltr'>solum,</span> <span class='ocrx_word' id='word_1_149' title='bbox 907 2969 967 3045; x_wconf 88' lang='lat' dir='ltr'>sed</span> <span class='ocrx_word' id='word_1_150' title='bbox 983 2971 1178 3067; x_wconf 89' lang='lat' dir='ltr'>pollicenti,</span> 
     </span>
     <span class='ocr_line' id='line_1_21' title="bbox 206 3089 1181 3191; baseline 0 -25"><span class='ocrx_word' id='word_1_151' title='bbox 206 3094 356 3166; x_wconf 90' lang='lat' dir='ltr'>clamore</span> <span class='ocrx_word' id='word_1_152' title='bbox 374 3089 566 3166; x_wconf 82' lang='lat' dir='ltr'>&amp;adsensu</span> <span class='ocrx_word' id='word_1_153' title='bbox 583 3117 705 3166; x_wconf 86' lang='lat' dir='ltr'>omnes</span> <span class='ocrx_word' id='word_1_154' title='bbox 726 3090 968 3188; x_wconf 86' lang='lat' dir='ltr'>permiserunt,</span> <span class='ocrx_word' id='word_1_155' title='bbox 999 3113 1040 3166; x_wconf 93' lang='lat' dir='ltr'>ut</span> <span class='ocrx_word' id='word_1_156' title='bbox 1063 3112 1181 3191; x_wconf 87' lang='lat' dir='ltr'>ageret</span> 
     </span>
     <span class='ocr_line' id='line_1_22' title="bbox 206 3211 1177 3312; baseline -0.003 -24"><span class='ocrx_word' id='word_1_157' title='bbox 206 3213 424 3311; x_wconf 85' lang='lat' dir='ltr'>diceretque,</span> <span class='ocrx_word' id='word_1_158' title='bbox 469 3238 559 3310; x_wconf 88' lang='lat' dir='ltr'>quae</span> <span class='ocrx_word' id='word_1_159' title='bbox 598 3239 618 3286; x_wconf 85' lang='lat' dir='ltr'>e</span> <span class='ocrx_word' id='word_1_160' title='bbox 647 3212 828 3312; x_wconf 88' lang='lat' dir='ltr'>republica</span> <span class='ocrx_word' id='word_1_161' title='bbox 863 3212 1018 3287; x_wconf 90' lang='lat' dir='ltr'>nominis</span> <span class='ocrx_word' id='word_1_162' title='bbox 1055 3211 1177 3286; x_wconf 81' lang='lat' dir='ltr'>Iatioi</span> 
     </span>
     <span class='ocr_line' id='line_1_23' title="bbox 206 3331 654 3432; baseline 0.002 -26"><span class='ocrx_word' id='word_1_163' title='bbox 206 3336 349 3432; x_wconf 87' lang='lat' dir='ltr'>fideque</span> <span class='ocrx_word' id='word_1_164' title='bbox 367 3331 427 3408; x_wconf 88' lang='lat' dir='ltr'>sua</span> <span class='ocrx_word' id='word_1_165' title='bbox 441 3331 654 3408; x_wconf 86' lang='lat' dir='ltr'>viderentur.</span> 
     </span>
    </p>

    <p class='ocr_par' dir='ltr' id='par_1_3' title="bbox 206 3449 1180 4154">
     <span class='ocr_line' id='line_1_24' title="bbox 255 3449 1179 3552; baseline 0.002 -28"><span class='ocrx_word' id='word_1_166' title='bbox 255 3457 300 3528; x_wconf 90' lang='lat' dir='ltr'>V.</span> <span class='ocrx_word' id='word_1_167' title='bbox 325 3453 403 3529; x_wconf 93' lang='lat' dir='ltr'>Ubi</span> <span class='ocrx_word' id='word_1_168' title='bbox 427 3454 477 3528; x_wconf 87' lang='lat' dir='ltr'>est</span> <span class='ocrx_word' id='word_1_169' title='bbox 501 3457 660 3528; x_wconf 87' lang='lat' dir='ltr'>Romam</span> <span class='ocrx_word' id='word_1_170' title='bbox 685 3473 845 3543; x_wconf 90' lang='lat' dir='ltr'>ventum,</span> <span class='ocrx_word' id='word_1_171' title='bbox 871 3453 909 3526; x_wconf 92' lang='lat' dir='ltr'>in</span> <span class='ocrx_word' id='word_1_172' title='bbox 933 3451 1110 3552; x_wconf 88' lang='lat' dir='ltr'>Capitolio</span> <span class='ocrx_word' id='word_1_173' title='bbox 1129 3449 1179 3526; x_wconf 88' lang='lat' dir='ltr'>eis</span> 
     </span>
     <span class='ocr_line' id='line_1_25' title="bbox 207 3571 1180 3671; baseline -0.001 -25"><span class='ocrx_word' id='word_1_174' title='bbox 207 3571 342 3646; x_wconf 83' lang='lat' dir='ltr'>senams</span> <span class='ocrx_word' id='word_1_175' title='bbox 364 3575 467 3647; x_wconf 88' lang='lat' dir='ltr'>datus</span> <span class='ocrx_word' id='word_1_176' title='bbox 489 3573 550 3647; x_wconf 90' lang='lat' dir='ltr'>est.</span> <span class='ocrx_word' id='word_1_177' title='bbox 598 3573 654 3648; x_wconf 92' lang='lat' dir='ltr'>lbi</span> <span class='ocrx_word' id='word_1_178' title='bbox 671 3598 786 3671; x_wconf 90' lang='lat' dir='ltr'>quum</span> <span class='ocrx_word' id='word_1_179' title='bbox 809 3576 856 3647; x_wconf 90' lang='lat' dir='ltr'>T.</span> <span class='ocrx_word' id='word_1_180' title='bbox 873 3573 1033 3648; x_wconf 87' lang='lat' dir='ltr'>Manlius</span> <span class='ocrx_word' id='word_1_181' title='bbox 1058 3572 1180 3648; x_wconf 91' lang='lat' dir='ltr'>consul</span> 
     </span>
     <span class='ocr_line' id='line_1_26' title="bbox 206 3691 1178 3790; baseline -0.001 -25"><span class='ocrx_word' id='word_1_182' title='bbox 206 3692 326 3790; x_wconf 83' lang='lat' dir='ltr'>egisset</span> <span class='ocrx_word' id='word_1_183' title='bbox 338 3719 422 3767; x_wconf 91' lang='lat' dir='ltr'>cum</span> <span class='ocrx_word' id='word_1_184' title='bbox 439 3692 488 3766; x_wconf 90' lang='lat' dir='ltr'>eis</span> <span class='ocrx_word' id='word_1_185' title='bbox 505 3718 550 3766; x_wconf 83' lang='lat' dir='ltr'>ex</span> <span class='ocrx_word' id='word_1_186' title='bbox 566 3691 769 3768; x_wconf 67' lang='lat' dir='ltr'>austeritate</span> <span class='ocrx_word' id='word_1_187' title='bbox 792 3696 950 3781; x_wconf 74' lang='lat' dir='ltr'>Panum,</span> <span class='ocrx_word' id='word_1_188' title='bbox 976 3719 1021 3766; x_wconf 89' lang='lat' dir='ltr'>ne</span> <span class='ocrx_word' id='word_1_189' title='bbox 1043 3691 1178 3766; x_wconf 87' lang='lat' dir='ltr'>Samni-</span> 
     </span>
     <span class='ocr_line' id='line_1_27' title="bbox 207 3811 1179 3900; baseline -0.002 -14"><span class='ocrx_word' id='word_1_190' title='bbox 207 3811 301 3888; x_wconf 85' lang='lat' dir='ltr'>tibus</span> <span class='ocrx_word' id='word_1_191' title='bbox 327 3811 509 3887; x_wconf 89' lang='lat' dir='ltr'>foederatis</span> <span class='ocrx_word' id='word_1_192' title='bbox 533 3814 667 3887; x_wconf 89' lang='lat' dir='ltr'>bellum</span> <span class='ocrx_word' id='word_1_193' title='bbox 690 3811 878 3898; x_wconf 81' lang='lat' dir='ltr'>inferrent3</span> <span class='ocrx_word' id='word_1_194' title='bbox 904 3812 1060 3900; x_wconf 89' lang='lat' dir='ltr'>Annius,</span> <span class='ocrx_word' id='word_1_195' title='bbox 1090 3832 1179 3884; x_wconf 91' lang='lat' dir='ltr'>tam·</span> 
     </span>
     <span class='ocr_line' id='line_1_28' title="bbox 206 3929 1177 4030; baseline -0.001 -26"><span class='ocrx_word' id='word_1_196' title='bbox 206 3957 315 4029; x_wconf 92' lang='lat' dir='ltr'>quam</span> <span class='ocrx_word' id='word_1_197' title='bbox 331 3931 443 4006; x_wconf 75' lang='lat' dir='ltr'>vidior</span> <span class='ocrx_word' id='word_1_198' title='bbox 461 3931 565 4006; x_wconf 90' lang='lat' dir='ltr'>armis</span> <span class='ocrx_word' id='word_1_199' title='bbox 582 3931 801 4030; x_wconf 88' lang='lat' dir='ltr'>Capitolium</span> <span class='ocrx_word' id='word_1_200' title='bbox 817 3929 972 4028; x_wconf 80' lang='lat' dir='ltr'>cepisset,</span> <span class='ocrx_word' id='word_1_201' title='bbox 994 3956 1066 4003; x_wconf 90' lang='lat' dir='ltr'>non</span> <span class='ocrx_word' id='word_1_202' title='bbox 1084 3933 1177 4028; x_wconf 86' lang='lat' dir='ltr'>lega·</span> 
     </span>
     <span class='ocr_line' id='line_1_29' title="bbox 206 4051 1180 4154; baseline -0.001 -29"><span class='ocrx_word' id='word_1_203' title='bbox 206 4071 275 4139; x_wconf 90' lang='lat' dir='ltr'>tus,</span> <span class='ocrx_word' id='word_1_204' title='bbox 303 4052 382 4146; x_wconf 90' lang='lat' dir='ltr'>jure</span> <span class='ocrx_word' id='word_1_205' title='bbox 405 4051 565 4154; x_wconf 86' lang='lat' dir='ltr'>gentium</span> <span class='ocrx_word' id='word_1_206' title='bbox 589 4071 699 4140; x_wconf 88' lang='lat' dir='ltr'>tutus,</span> <span class='ocrx_word' id='word_1_207' title='bbox 725 4052 939 4149; x_wconf 89' lang='lat' dir='ltr'>loqueretur,</span> <span class='ocrx_word' id='word_1_208' title='bbox 972 4052 1180 4147; x_wconf 89' lang='lat' dir='ltr'>“Tempus</span> 
     </span>
    </p>
   </div>
   <div class='ocr_carea' id='block_1_3' title="bbox 0 0 1538 5342">
    <p class='ocr_par' dir='ltr' id='par_1_4' title="bbox 0 0 1538 5342">
     <span class='ocr_line' id='line_1_30' title="bbox 0 0 1538 5342; baseline 0 0"><span class='ocrx_word' id='word_1_209' title='bbox 0 0 1538 5342; x_wconf 95' lang='lat' dir='ltr'> </span> 
     </span>
    </p>
   </div>
  </div>
 </body>
</html>
