3067 5342
485 654 831 758 LratnAVI.
1076 682 1145 759 123

168 845 193 880 “
208 834 425 923 admodum,
463 836 565 933 quod
583 837 630 909 ad
652 854 688 909 te
707 832 843 909 adtinet
874 857 1024 933 eamque
1057 860 1147 922 rern,

167 965 193 999 “
212 979 323 1052 quarn
339 954 385 1027 de
398 974 433 1027 te
449 953 528 1028 sum
542 959 772 1053 quaesrtums,
789 976 1049 1029 conventurum
1066 952 1145 1027 satis

167 1085 193 1118 “
211 1074 369 1148 confido.
417 1075 524 1171 Spem
547 1072 675 1148 saslam
699 1094 768 1148 ate
783 1073 916 1148 civitati
932 1072 1052 1160 vide0,
1075 1074 1147 1146 fide

167 1204 193 1238 “
210 1192 399 1281 incolumi,
420 1218 465 1267 ex
485 1192 653 1267 thesauris
675 1193 835 1281 Gallicis,
864 1218 954 1291 quos
976 1191 1147 1289 primores

168 1325 193 1359 “
211 1317 358 1389 Patrum
385 1315 578 1402 occultent,
606 1313 782 1389 creditum
809 1312 895 1389 solvi
917 1315 1023 1412 polle.
1075 1311 1145 1388 Cui

168 1442 281 1531 “ego
309 1430 360 1505 rei
386 1451 525 1505 tantum
548 1431 644 1507 abest
662 1452 704 1505 ut
733 1430 979 1529 inpedimento
1005 1436 1080 1519 srm,
1105 1451 1148 1505 ut

168 1561 194 1595 “
211 1570 335 1626 contra
356 1572 404 1639 te,
423 1552 482 1625 Μ.
499 1550 629 1639 Manli,
657 1553 834 1639 adhortor,
859 1551 983 1626 liberes
1001 1549 1146 1625 foenore

169 1671 355 1767 “plebem
378 1672 602 1744 Romanam:
630 1675 665 1745 u
686 1671 782 1760 istos,
805 1670 1013 1746 incubantes
1027 1670 1147 1769 publi-

169 1798 194 1833 “
212 1787 264 1864 cis
296 1787 477 1877 thesauris,
520 1814 566 1864 ex
593 1792 724 1887 praeda
751 1791 966 1865 clandestina
995 1791 1146 1865 evolvas.

170 1918 195 1953 ‘⁴
213 1910 325 2008 Qod
341 1909 404 1982 nifi
420 1907 519 1998 sacis,
544 1913 612 1984 five
625 1911 727 2007 quod
746 1912 781 1984 δι
798 1909 869 2009 ipse
887 1909 924 1985 in
938 1930 1035 2008 parte
1049 1936 1146 2010 prae-

169 2038 195 2073 “
212 2029 279 2101 dae
292 2030 345 2115 lis,
360 2031 427 2101 five
445 2028 529 2127 quia
540 2054 673 2103 vanum
684 2028 860 2105 indicium
874 2030 936 2118 est,
954 2028 993 2104 in
1002 2029 1147 2105 vincula

170 2158 195 2192 “
212 2169 249 2222 te
268 2147 354 2223 duci
368 2149 519 2244 jubebo,
543 2174 609 2223 nec
633 2148 770 2224 diutius
784 2148 907 2247 patiar,
931 2176 952 2223 a
973 2170 1007 2223 te
1025 2150 1146 2225 multi-

171 2277 196 2312 “
213 2266 378 2343 tudinem
395 2268 509 2343 fallaci
528 2267 585 2367 spe
603 2266 806 2343 concitari.''
842 2270 904 2343 Ad
914 2294 954 2343 ea
971 2270 1146 2360 Manlius,

170 2398 195 2431 “
212 2414 279 2463 nec
302 2386 336 2461 se
362 2387 554 2477 seselliffe,”
582 2394 643 2477 ait,
668 2398 785 2462 “non
812 2386 975 2463 adversus
1002 2388 1147 2465 Volscos

169 2519 194 2594 ‘f
212 2508 316 2583 toties
329 2508 456 2596 hostes,
474 2507 613 2607 quoties
631 2506 794 2582 Patribus
807 2507 984 2605 expediat,
1004 2534 1071 2584 nec
1084 2510 1146 2583 ad·

169 2629 330 2705 “versus
352 2627 502 2703 Latinos
524 2625 786 2726 Hernicosque,
814 2652 905 2724 quos
923 2626 1010 2702 falsrs
1027 2628 1146 2703 crimi-

168 2760 194 2794 “
211 2749 319 2824 nibus
336 2748 375 2821 ln
387 2774 484 2821 anna
498 2769 616 2846 agant,
646 2744 707 2821 sed
722 2744 884 2820 adversus
900 2744 933 2821 se
950 2773 990 2821 ac
1003 2750 1146 2845 plebem

169 2878 194 2911 “
212 2869 429 2954 Romanam,
469 2864 677 2941 distatorem
712 2886 869 2940 creatum
908 2866 985 2939 esse.
1049 2867 1146 2961 Jam,

168 2999 194 3032 “
212 2986 337 3063 omifl'o
353 2988 462 3073 bello,
478 2988 579 3085 quod
592 2988 793 3060 simulatum
811 2989 861 3074 srt,
879 2984 917 3059 in
932 2983 964 3059 se
982 2982 1146 3083 inpetum

169 3118 194 3153 “
212 3106 309 3181 lieri:
330 3106 407 3202 jam
419 3105 629 3180 distatorem
646 3104 800 3203 profiteri
818 3104 1054 3203 patrocinium
1072 3104 1145 3179 soe-

169 3238 194 3271 “
211 3248 413 3299 neratorum
428 3224 590 3305 adversus
606 3227 770 3321 plebem:
795 3225 870 3321 jam
886 3225 948 3299 fibi
966 3250 1011 3298 ex
1028 3224 1145 3299 favore

168 3356 193 3389 “
210 3344 453 3419 multitudinis
468 3343 602 3419 crimen
619 3348 653 3417 δι
673 3342 866 3442 perniciem
886 3343 1018 3443 quaeri.
1069 3347 1146 3420 Ob·

169 3475 193 3509 “
210 3464 363 3553 fendit,’'
379 3462 511 3562 inquit,
528 3475 553 3508 “
571 3484 619 3552 te,
636 3468 683 3537 A.
698 3463 855 3551 Corneli,
870 3462 1016 3562 vosque,
1028 3467 1146 3539 Patres

169 3595 193 3627 “
210 3582 413 3681 conscripti,
441 3579 655 3659 circumfusa
670 3586 774 3657 turba
789 3581 887 3657 lateri
910 3586 1017 3657 meo?
1043 3583 1146 3683 Qrin

170 3714 193 3746 “
211 3730 289 3777 earn
315 3703 488 3779 diducitis
517 3731 538 3777 a
567 3729 625 3776 me
651 3703 777 3801 finguli
803 3702 923 3777 vestris
949 3702 1144 3790 beneficiis,

170 3834 194 3866 “
212 3822 477 3911 intercedendo,
494 3822 687 3897 eximendo
704 3824 750 3897 de
767 3848 874 3897 nervo
892 3821 985 3896 cives
1001 3820 1144 3909 vestros,

171 3942 434 4041 “prohibendo
450 3941 629 4038 judicatos
651 3940 881 4039 addictosque
899 3940 999 4030 duci,
1023 3965 1143 4028 exeo,

171 4070 195 4104 “
211 4064 310 4159 quod
326 4060 454 4140 adfluit
466 4060 594 4161 opibus
606 4060 739 4149 vestris,
754 4058 957 4137 sustinendo
970 4062 1144 4135 neceffita-
