3067 5342
505 693 829 778 LrennV.
1028 727 1143 803 '13

174 885 200 920 “
219 875 312 962 sunt,
335 875 499 964 oderunt,
533 897 662 976 negant
688 877 868 951 missuros:
908 895 1081 973 quantum
1107 873 1144 950 in

174 993 286 1067 “illis
314 995 376 1083 est,
414 1021 533 1093 capere
565 998 669 1092 Vejos
700 995 794 1070 licet.
855 995 946 1095 Qtis
976 996 1038 1083 est,
1080 997 1143 1093 qui

173 1125 199 1158 “
217 1113 395 1212 spondeat,
433 1116 613 1202 eumdem,
647 1117 670 1188 fi
701 1114 859 1188 differtur
884 1116 1030 1203 bellum,
1070 1114 1143 1187 ani-

173 1243 315 1308 “mum
328 1233 447 1331 postea
465 1233 559 1308 sore?
588 1261 715 1332 quum,
739 1239 761 1308 fi
776 1237 1013 1308 laxamentum
1036 1234 1142 1307 dede-

173 1361 198 1396 “
216 1351 274 1439 n's,
312 1354 419 1449 major
451 1352 736 1452 frequentiorque
776 1353 904 1451 legatio
948 1353 1040 1427 itura
1076 1357 1141 1426 srt:

172 1480 198 1514 “
216 1495 330 1568 quum
359 1470 410 1558 id,
441 1473 541 1569 quod
567 1497 663 1546 nunc
685 1472 848 1546 obsendit
875 1472 1050 1559 Etruscos,
1083 1497 1144 1546 rex

170 1598 197 1631 “
215 1612 346 1663 creatm
373 1589 480 1686 Vejis,
511 1589 619 1688 spatio
646 1591 844 1689 interposito
872 1590 1000 1666 mutari
1029 1595 1141 1689 pollit,

170 1717 195 1753 ‘⁴
214 1711 270 1782 vel
286 1708 452 1784 consensu
469 1709 631 1798 civitatis,
659 1731 700 1782 ut
726 1736 769 1783 eo
789 1709 1016 1784 reconcilient
1037 1713 1141 1784 Etru-

170 1827 283 1902 “riae
306 1827 455 1918 animos,
475 1831 531 1902 vel
548 1828 650 1926 ipsius
667 1832 846 1903 voluntate
869 1830 971 1929 regis,
1002 1830 1065 1928 qui
1078 1835 1141 1906 ob·

169 1958 194 1992 ‘⁴
214 1949 297 2024 stare
324 1975 473 2048 regnum
496 1947 598 2022 suum
627 1947 725 2022 saluti
754 1948 888 2022 civium
918 1948 1017 2023 nolit.
1078 1950 1140 2023 Vi-

169 2077 196 2112 “
214 2069 306 2155 dete,
335 2088 425 2165 quot
438 2094 504 2155 res,
537 2093 644 2165 quam
660 2066 815 2156 inutiles,
841 2067 1027 2166 sequantur
1044 2069 1141 2144 illam

168 2195 194 2230 ‘⁸
212 2185 305 2258 viam
318 2185 466 2260 confilii:
486 2187 620 2282 jactura
632 2211 779 2284 operum
792 2207 890 2261 tanto
902 2190 1018 2262 labore
1032 2188 1139 2263 sacio-

168 2311 194 2348 “
210 2329 303 2391 mm,
326 2304 469 2378 vastatio
494 2304 670 2379 inminens
693 2305 820 2380 finium
847 2307 1054 2394 nostrorum,
1091 2310 1138 2380 E-

166 2433 192 2467 “
210 2421 365 2498 truscum
385 2425 518 2496 bellum
539 2449 602 2520 pro
625 2427 770 2520 Vejente
785 2425 1011 2501 concitatum.
1036 2429 1139 2501 Haec

165 2552 191 2588 “
208 2541 298 2629 sunt,
341 2540 487 2630 tribuni,
527 2541 668 2617 confilia
701 2545 821 2634 vestra,
857 2571 942 2633 non,
983 2547 1137 2635 hercule,

164 2670 191 2706 “
209 2660 395 2749 dissimilia,
422 2665 501 2736 acfi
529 2662 608 2760 quis
620 2689 737 2762 aegro,
764 2664 841 2762 qui,
870 2664 980 2738 cumei
994 2662 1137 2737 sesorti-

164 2789 190 2828 “
208 2803 260 2854 ter
280 2783 406 2879 passus,
438 2785 616 2880 extemplo
651 2782 884 2858 convalescere
910 2785 1023 2880 polsrt,
1065 2781 1137 2857 cibi

162 2911 190 2944 ‘⁶
207 2900 316 3000 gratia
327 2900 511 2998 praesentis
520 2923 581 2975 aut
589 2901 742 2999 potionis
759 2901 997 3000 longinquum
1016 2905 1051 2975 &
1068 2901 1136 2976 sor-

162 3030 189 3064 “
205 3025 288 3093 sitan
304 3020 529 3095 insanabilem
547 3023 714 3094 morbum
735 3020 895 3096 efficiat.''

212 3141 274 3212 VI.
300 3150 325 3182 ‘⁴
343 3139 393 3225 Si,
416 3165 474 3212 me
498 3139 591 3214 Dius
604 3139 725 3226 fidius,
754 3142 800 3213 ad
816 3142 885 3214 hoc
899 3141 1033 3215 bellum
1047 3141 1136 3214 nihil

161 3269 188 3307 “
205 3259 403 3358 pertineret,
428 3260 474 3332 ad
501 3258 720 3358 disciplinam
745 3281 836 3333 certe
860 3258 1006 3333 militiae
1029 3260 1134 3358 pluri-

159 3388 307 3450 “mum
342 3377 514 3465 intererat,
553 3377 740 3452 insuescere
783 3377 932 3452 militem
964 3379 1133 3468 nostrum,

158 3507 186 3542 “
205 3522 278 3570 non
294 3494 405 3570 solum
419 3519 533 3593 parata
547 3496 691 3570 victoria
706 3495 774 3571 frui
783 3528 794 3583 3
820 3497 892 3584 sed,
922 3501 1010 3571 sires
1028 3499 1134 3574 etiam

158 3615 331 3690 “lentior
353 3620 404 3703 fit,
431 3615 503 3715 pati
517 3617 686 3704 taedium,
713 3620 745 3690 δι
771 3615 931 3714 quamvis
954 3615 1042 3691 serae
1062 3616 1132 3715 spei

158 3747 186 3781 “
206 3736 342 3809 exitum
357 3735 569 3832 exspectare3
595 3739 642 3822 lle,
668 3737 692 3808 fi
714 3760 787 3807 non
806 3737 846 3807 srt
863 3735 987 3809 aestate
1001 3736 1132 3833 persec-

157 3865 185 3902 “
203 3875 281 3928 tum
303 3857 450 3943 bellum,
475 3854 628 3928 hiemem
652 3853 798 3951 operiri3
814 3843 904 3941 nec,
933 3858 1019 3928 ficut
1033 3855 1131 3929 aesti-

158 3985 184 4020 “
202 4001 261 4049 vas
274 3999 365 4062 aves,
392 3973 506 4048 statim
529 3994 701 4048 autumno
715 3975 807 4046 tecta
819 3999 860 4047 ac
879 3973 1046 4048 recessum
1067 3973 1132 4049 cir-

157 4104 183 4138 “
202 4093 426 4194 cumspicere.
475 4092 629 4171 Obsecro
642 4119 717 4184 vos,
747 4092 899 4168 venandi
922 4092 1134 4170 studiumac
