3067 5342
363 729 433 806 322
695 699 1010 776 T.Lrv11

367 881 392 922 “
408 868 459 944 ria
484 871 620 970 pollis.”
668 873 797 972 qum
819 868 854 946 se
880 866 970 946 nihil
995 863 1122 943 motari
1139 861 1348 964 magistrum

367 987 531 1090 equitum
564 989 835 1088 pronunciasset,
869 989 1068 1090 degressum
1101 1011 1187 1061 eum
1214 983 1350 1082 templo

367 1111 479 1186 laetus
513 1107 662 1199 senatus,
703 1107 826 1184 laetior
858 1111 1025 1210 populus,
1062 1102 1279 1191 circumfusa,
1307 1127 1351 1181 ac

369 1233 579 1334 gratulantes
597 1229 681 1307 hinc
706 1229 872 1330 magistro
888 1227 1066 1330 equitum,
1098 1225 1184 1302 hinc
1200 1222 1351 1300 dietate

370 1349 414 1438 ri,
443 1349 617 1451 prosecuti
641 1349 738 1425 suntr
769 1351 1022 1448 firmatumque
1044 1345 1238 1446 imperium
1256 1343 1352 1422 mili·

370 1490 441 1550 tare
458 1473 555 1550 haud
570 1471 690 1548 minus
704 1469 862 1571 periculo
875 1476 932 1573 Q
942 1467 1058 1558 Fabii,
1092 1493 1203 1568 quam
1218 1463 1352 1565 suppli·

370 1591 428 1668 cio
466 1591 654 1668 miserabili
689 1589 919 1666 adolescentis
958 1587 1106 1677 Manlii,
1151 1586 1352 1664 videbatur.

370 1713 475 1790 Forte
491 1711 539 1786 ita
558 1737 601 1787 eo
617 1739 711 1788 anno
728 1709 859 1800 evenit,
884 1731 940 1801 ut,
966 1707 1263 1809 quotiescumque
1275 1705 1353 1784 dic·

370 1851 461 1908 tator
483 1834 528 1910 ab
550 1831 708 1908 exercitu
729 1835 874 1920 receffit,
904 1830 1018 1906 hostes
1049 1827 1088 1904 in
1113 1827 1260 1904 Samnio
1275 1853 1355 1904 mo·

371 1973 548 2028 verentur.
597 1955 765 2029 Ceterum
793 1951 831 2028 in
852 1951 967 2028 oculis
987 1951 1194 2051 exemplum
1216 1969 1290 2024 erat
1304 1951 1366 2050 Q

372 2071 504 2154 Fabius
537 2075 596 2150 Μ.
618 2070 758 2150 Valerio
787 2073 918 2172 legato,
948 2071 1011 2172 qui
1042 2069 1158 2148 castris
1186 2089 1355 2170 praeerat,

373 2219 418 2268 ne
438 2219 547 2294 quam
563 2193 639 2268 vim
655 2191 812 2268 hostium
835 2191 961 2293 magis,
992 2217 1102 2291 quarn
1119 2211 1258 2267 trucem
1278 2188 1355 2264 dic-

373 2313 493 2390 tatoris
540 2310 641 2401 iram
691 2313 841 2391 timeret.
905 2317 1044 2414 Itaque,
1085 2311 1357 2388 frumentatores

375 2457 504 2534 quum,
536 2431 770 2510 circumventi
792 2461 838 2511 ex
855 2433 1001 2522 insidiis,
1024 2435 1109 2509 caefi
1134 2435 1216 2508 loco
1229 2430 1358 2530 iniquo

373 2555 495 2642 essent,
520 2551 696 2632 creditum
712 2555 824 2652 vulgo
840 2553 902 2642 est,
928 2551 1106 2632 subveniri
1122 2553 1173 2628 eis
1193 2554 1241 2628 ab
1260 2553 1355 2656 lega-

374 2693 412 2752 to
444 2673 608 2773 potuiffe,
655 2672 691 2750 ni
722 2673 832 2750 tristia
863 2672 979 2750 edicta
1010 2672 1250 2750 exhorruisset.
1301 2675 1359 2748 Ea

375 2817 522 2894 quoque
546 2791 596 2870 ira
612 2791 776 2870 alienavit
799 2793 1005 2870 salinatore
1029 2793 1189 2872 militum
1204 2791 1356 2881 animos,

367 2915 444 3021 jam
470 2935 550 2988 ante
576 2911 741 3004 infensos,
778 2917 879 3017 quod
905 2913 1125 3015 inplacabilis
1162 2919 1222 3016 Q
1243 2912 1358 2989 Fabio

377 3029 519 3120 suiffetr
563 3037 611 3122 δι,
657 3035 758 3132 quod
789 3031 858 3110 suis
887 3035 1053 3134 precibus
1081 3037 1247 3139 negasset,
1283 3034 1358 3136 ejus

375 3153 512 3256 populo
526 3154 695 3232 Romano
710 3153 853 3230 veniam
869 3153 1027 3230 dedisset.

426 3275 603 3352 XXXVI.
626 3273 821 3374 Postquam
836 3273 999 3364 distator,
1014 3279 1206 3376 praeposito
1221 3275 1259 3354 in
1269 3279 1360 3354 urbe

376 3395 424 3471 l,
457 3392 598 3491 Papirio
629 3395 748 3478 Crasso
774 3395 941 3496 magistro
967 3395 1145 3494 equitum,
1169 3403 1227 3500 Q
1245 3395 1361 3473 Fabio

376 3511 488 3588 vetito
511 3511 711 3618 quidquam
737 3541 803 3614 pro
827 3514 1030 3616 magistratu
1053 3543 1169 3618 agere,
1198 3517 1237 3592 in
1252 3516 1363 3592 castra

377 3629 482 3712 rediit
489 3665 502 3722 3
536 3659 653 3735 neque
679 3635 820 3713 civibus
845 3636 923 3713 satis
947 3639 1059 3714 laetus
1084 3639 1257 3718 adventus
1285 3637 1362 3735 ejus

379 3751 463 3846 fuit,
503 3781 570 3834 nec
609 3755 768 3844 hostibus
810 3757 1010 3858 quidquam
1048 3759 1179 3836 adtulit
1210 3757 1360 3834 terroris.

378 4021 468 4086 rem,
494 3993 567 4086 seu,
593 3999 722 4074 adesset
747 4025 793 4072 an
818 4002 960 4089 abesset,
993 4000 1092 4100 parui
1108 3999 1289 4090 facientes,
1306 3997 1361 4074 in·

379 4115 509 4207 strusta
530 4115 605 4196 acie
625 4119 671 4194 ad
693 4119 802 4204 castra
823 4123 1050 4198 accesserunt.
1098 4123 1268 4211 Ceterum
1282 4140 1359 4194 tan-
