3067 5342
480 698 709 772 Lrnntt
760 698 826 772 IX.
1082 722 1152 800 373

172 887 222 938 no
240 862 430 940 certamine
454 865 544 940 intra
563 868 706 943 moenia
732 865 918 966 compulit.
974 868 1076 942 Tum
1099 889 1151 942 to-

172 1003 246 1058 tam
261 982 376 1059 aciem
399 983 438 1058 in
454 985 626 1061 Samnites
645 986 808 1062 obvertit.
858 985 914 1060 Ibi
940 988 1020 1085 plus
1043 1011 1151 1064 certa-

171 1100 278 1177 minis
307 1101 387 1178 fuit.
438 1104 594 1180 Vistoria
623 1109 708 1181 sicut
738 1106 822 1193 sera,
853 1105 902 1180 ita
928 1131 993 1181 nec
1022 1108 1146 1198 dubia,

118 1254 122 1260 ·
169 1249 235 1298 nec
251 1221 346 1298 varia
355 1222 440 1299 suit.
491 1227 571 1299 Fufi
599 1224 637 1298 in
650 1227 756 1301 castra
778 1225 963 1313 Samnites,
996 1227 1146 1302 exstinc-

169 1340 214 1416 tis
229 1345 334 1418 none
355 1342 513 1443 ignibus,
540 1344 648 1419 tacito
663 1344 805 1444 agmine
824 1347 979 1420 abeunt:
1015 1350 1064 1434 δι,
1089 1345 1147 1444 spe

84 1447 87 1454 ⁵
166 1461 303 1557 abjecta
333 1462 506 1538 Saticulae
532 1467 696 1553 tuendae,
739 1463 897 1539 Plistiam
924 1453 1001 1563 ipsi,
1036 1464 1146 1540 socios

167 1581 429 1671 Romanorum,
459 1605 501 1658 ut
516 1609 636 1683 parem
659 1585 819 1660 dolorem
836 1583 926 1659 hosti
944 1585 1142 1675 redderent,

166 1699 430 1778 circumsidunt.

189 1821 336 1895 .xx11.
361 1826 472 1896 Anno
496 1822 723 1912 cirmmano,
749 1824 885 1899 bellum
908 1821 1074 1922 deinceps
1096 1827 1141 1900 ab

165 1938 335 2014 distatore
365 1946 423 2041 Q
445 1941 556 2017 Fabio
572 1943 710 2042 gestum
736 1943 796 2017 est.
846 1941 1015 2016 Consules
1043 1942 1140 2034 novi,

163 2063 251 2135 ficut
272 2047 482 2157 superiores,
510 2064 647 2137 Romae
672 2061 889 2137 manserunt:
923 2061 1067 2152 Fabius,
1093 2066 1139 2138 ad

161 2179 413 2277 accipiendum
436 2184 482 2257 ab
508 2181 667 2256 Aemilio
692 2181 901 2268 exercitum,
931 2182 977 2255 ad
1005 2182 1140 2258 Saticu-

160 2301 233 2374 lam
246 2325 332 2374 cum
348 2297 592 2399 supplemento
608 2301 717 2376 venit.
766 2303 897 2400 Neque
914 2299 1010 2375 enim
1039 2304 1139 2376 Sam-

160 2417 251 2494 nites
266 2420 313 2513 ad
335 2419 492 2496 Plistiam
509 2419 701 2494 manserant
710 2415 723 2494 ε’
747 2418 821 2507 sed,
850 2418 976 2494 adcitis
998 2423 1043 2495 ab
1072 2423 1136 2496 do-

160 2563 223 2612 mo
249 2538 350 2614 novis
373 2539 560 2628 militibus,
585 2539 816 2615 multitudine
833 2536 924 2626 freti,
955 2539 1062 2614 castra
1077 2567 1135 2614 eo-

159 2659 257 2746 dem,
293 2684 367 2758 quo
388 2681 503 2748 antea,
528 2662 609 2734 loeo
630 2658 836 2758 posuerunt:
868 2658 1134 2756 lacessentesque

157 2777 292 2876 proelio
308 2781 492 2854 Romanos
514 2801 665 2855 avertere
691 2781 737 2853 ab
761 2777 942 2854 obsidione
959 2783 1135 2856 conaban-

158 2919 225 2974 tur.
275 2899 332 2974 uo
360 2897 532 2974 intentius
563 2899 712 2973 distator
742 2897 781 2970 in
807 2897 947 2972 moenia
975 2899 1130 2976 hostium

156 3017 287 3106 versus,
317 3017 357 3092 id
382 3021 518 3094 bellurn
545 3039 683 3092 tantum
708 3018 851 3104 ducere,
880 3018 979 3116 quod
1005 3023 1131 3096 urbem

155 3141 404 3237 obpugnabat;
430 3136 581 3213 securior
607 3139 652 3212 ab
679 3135 896 3212 Samnitibus
926 3163 1039 3236 agere,
1065 3139 1129 3214 sta·

147 3255 312 3338 'tionibus
337 3258 450 3332 modo
465 3257 643 3356 obpositis,
672 3283 717 3331 ne
734 3282 806 3354 qua
823 3255 861 3328 in
876 3256 981 3330 castra
995 3257 1048 3332 vis
1065 3261 1126 3333 fie-

154 3397 217 3451 ret.
267 3379 324 3452 Eo
345 3375 496 3451 ferocius
518 3374 718 3475 adequitare
744 3373 916 3448 Samnites
937 3377 1041 3465 vallo,
1066 3404 1126 3452 ne-

153 3521 225 3594 que
241 3495 358 3570 otium
383 3495 468 3596 pati.
519 3498 567 3569 Et
592 3519 707 3594 quum
727 3493 804 3590 jam
830 3518 938 3592 prope
965 3493 1003 3567 in
1018 3496 1127 3594 portis

153 3617 345 3692 castrorum
374 3618 457 3690 esset
482 3614 603 3702 hostis,
635 3612 724 3687 nihil
755 3611 915 3687 consulto
942 3613 1123 3704 distatore,

150 3737 315 3836 magister
331 3735 495 3834 equiturn
511 3739 569 3836 Q
584 3733 714 3808 Aulius
739 3734 959 3821 Cerretanus,
992 3760 1123 3834 magno
1186 3749 1189 3756 '

150 3857 310 3931 tumultu
332 3882 417 3931 cum
439 3853 607 3929 omnibus
633 3851 757 3927 turmis
782 3853 944 3950 equitum
967 3857 1121 3941 evenus,

150 3975 330 4052 submovit
345 3976 493 4051 hostem.
542 3975 642 4048 Tum
657 3971 695 4046 in
712 3969 860 4046 minime
876 3971 1044 4069 pertinaci
1061 3998 1121 4072 ge-

149 4123 232 4172 nere
248 4121 389 4196 pugnae
404 4098 450 4171 sic
462 4093 603 4170 fortuna
617 4091 774 4166 exercuit
790 4117 887 4190 opes,
917 4113 958 4166 ut
973 4090 1122 4194 insignes
