3067 5342
498 711 728 788 Lanae
779 707 846 788 IX.
933 783 940 788 ,
1113 735 1184 806 4ιί

201 885 313 962 datae.
364 883 590 983 Stipendium
621 883 794 960 exercitui
819 887 989 959 Romano
1016 886 1063 960 ab
1087 885 1187 961 hoste

200 1003 238 1079 in
253 1031 337 1080 eum
354 1030 489 1079 annum
506 1003 667 1103 pensum,
699 1009 733 1079 δι
751 1005 855 1080 binae
881 1002 1023 1079 tunicae
1040 1005 1079 1079 in
1092 1005 1186 1080 mili·

200 1144 273 1200 tem
290 1127 443 1199 exadtae.
495 1127 548 1198 Ea
558 1150 690 1198 merces
704 1121 931 1198 induciarum
941 1123 1022 1198 suit.
1072 1127 1109 1198 T
1109 1151 1187 1200 ran·

199 1243 328 1343 quillas
345 1245 479 1340 resjam
498 1243 653 1317 Etruscis
667 1242 823 1318 turbavit
835 1242 1019 1340 repentina
1033 1243 1188 1318 desectio

200 1365 438 1452 Umbrorum,
464 1362 578 1462 gentis
601 1363 753 1462 integrae
771 1389 792 1436 a
808 1362 969 1437 cladibus
992 1361 1091 1451 belli,
1126 1362 1188 1436 nili

201 1485 302 1582 quod
316 1487 496 1558 transitum
510 1481 683 1557 exercitus
700 1507 782 1580 ager
798 1480 955 1555 senserat.
1005 1481 1049 1571 Ii,
1067 1482 1187 1558 conci-

200 1623 271 1678 tata
286 1601 385 1679 omni
396 1605 584 1700 juventute
601 1602 674 1690 sua,
702 1606 736 1676 δι
755 1626 883 1701 magna
898 1623 996 1700 parte
1021 1601 1187 1677 Etrusco·
1204 1625 1208 1632 ·

201 1749 281 1798 rum
295 1726 341 1798 ad
356 1723 585 1800 rebellionem
603 1721 797 1821 compulsa,
824 1743 963 1798 tantum
989 1722 1188 1798 exercitum

200 1842 365 1932 fecerant,
383 1865 437 1931 ut,
452 1843 573 1918 relidio
588 1844 665 1942 post
687 1841 721 1917 se
744 1841 782 1915 in
810 1843 951 1918 Etruria
976 1842 1106 1932 Decio,
1141 1845 1188 1917 ad

199 1966 480 2062 obpugnandam
505 1963 588 2036 inde
611 1965 768 2038 Romam
784 1962 907 2052 ituros,
936 1962 1125 2062 magnifice
1140 1964 1186 2037 de

199 2082 247 2172 se,
264 2110 304 2158 ac
315 2083 526 2158 contemtim
542 2083 587 2156 de
604 2080 779 2158 Romanis
791 2085 991 2181 loquentes,
1003 2082 1185 2178 jadbatent.

200 2205 313 2304 Qtod
335 2201 517 2301 inceptum
540 2228 664 2277 eorum
683 2199 747 2276 ubi
765 2203 812 2275 ad
830 2201 986 2276 Decium
1004 2200 1185 2278 consulem

199 2326 374 2423 perlatum
387 2322 449 2411 est,
476 2324 523 2397 ad
538 2323 665 2398 urbem
680 2347 724 2395 ex
741 2321 882 2394 Etruria
898 2319 1036 2420 magnis
1052 2320 1185 2399 itineri·

200 2445 267 2518 bus
283 2441 412 2541 pergit,
440 2447 475 2517 dt
488 2441 526 2515 in
543 2467 626 2540 agro
642 2440 847 2540 Pupiniensi
860 2443 906 2516 ad
921 2441 1053 2516 santam
1070 2441 1185 2518 inten-

202 2581 258 2638 tus
279 2561 435 2637 hostium
465 2561 634 2638 consedit.
684 2566 765 2637 Nec
795 2564 935 2636 Romae
960 2561 1186 2660 spernebatur

201 2686 425 2760 Umbrorum
452 2683 611 2759 bellum:
639 2686 673 2758 δι
690 2681 782 2782 ipsae
798 2679 916 2756 minae
938 2703 1076 2756 metum
1093 2680 1184 2759 fece·

200 2825 277 2878 rant
301 2803 455 2904 expertis
479 2831 500 2878 a
523 2802 662 2880 Gallica
689 2803 803 2889 clade,
831 2827 940 2899 quam
957 2801 1110 2878 intutam
1126 2830 1186 2879 ur-

200 2927 283 3001 bem
298 2923 503 2999 incolerent.
553 2924 677 3021 ltaque
701 2921 807 3021 legati
829 2923 877 2995 ad
892 2921 1045 2998 Fabium
1058 2923 1185 2998 consu-

201 3045 272 3118 lem
290 3042 377 3118 miffi
395 3041 487 3130 sunt,
504 3063 558 3130 ut,
584 3046 607 3117 fi
624 3042 714 3141 quid
731 3041 923 3116 laxamenti
939 3069 960 3116 a
976 3045 1070 3118 bello
1087 3048 1185 3120 Sam-

201 3161 332 3239 nitium
349 3164 443 3252 esset,
471 3161 509 3236 in
529 3162 722 3237 Umbriam
735 3189 882 3262 propere
899 3164 1094 3240 exercitum
1117 3167 1185 3244 du·

87 3369 94 3380 .
201 3302 304 3358 ceret.
355 3283 465 3358 Dicto
482 3282 599 3380 paruit
615 3280 750 3371 consul,
778 3280 987 3383 magnisque
1001 3282 1185 3380 itineribus

114 3413 118 3424 '
200 3404 247 3476 ad
263 3401 486 3491 Mevaniam,
510 3401 575 3477 ubi
593 3423 672 3476 tum
689 3402 812 3500 copiae
833 3406 1056 3477 Umbrorum
1073 3426 1184 3494 erant,

136 3505 149 3525 ⁸
200 3520 364 3620 perrexit.
414 3524 561 3620 Repens
586 3522 757 3596 adventus
782 3520 948 3609 consulis,
979 3549 1089 3622 quem
1105 3551 1186 3624 pro·

202 3640 261 3716 cul
288 3639 443 3716 Umbria
464 3639 502 3716 in
519 3640 663 3716 Samnio
680 3643 776 3716 bello
791 3641 861 3715 alio
877 3664 1095 3740 occupatum
1111 3670 1186 3720 cre·

202 3759 378 3850 diderant,
402 3759 451 3836 ita
476 3762 645 3838 exterruit
666 3765 839 3851 Umbros,
867 3784 909 3836 ut
934 3762 994 3836 alii
1020 3766 1185 3839 receden-

202 3880 293 3954 dum
309 3883 356 3955 ad
373 3884 478 3958 urbes
494 3881 662 3971 munitas,
690 3881 841 3980 quidam
857 3883 1098 3958 omittendum
1112 3887 1187 3959 bel·-

202 4002 279 4074 lum
300 4000 490 4078 censerent.
540 4005 648 4101 Plaga
676 4027 748 4076 una
777 4003 1010 4101 (Materinam
1039 4003 1102 4104 ipfi
1125 4006 1187 4078 ad-

202 4121 349 4219 pellant)
368 4147 442 4199 non
457 4121 636 4200 continuit
651 4123 762 4200 modo
779 4144 912 4200 ceteros
928 4122 966 4201 in
977 4123 1096 4213 armis,
1128 4122 1189 4202 sed
