<?xml version="1.0" encoding="UTF-8"?>
<!DOCTYPE html PUBLIC "-//W3C//DTD XHTML 1.0 Transitional//EN"
    "http://www.w3.org/TR/xhtml1/DTD/xhtml1-transitional.dtd">
<html xmlns="http://www.w3.org/1999/xhtml" xml:lang="en" lang="en">
 <head>
  <title>
</title>
<meta http-equiv="Content-Type" content="text/html;charset=utf-8" />
  <meta name='ocr-system' content='tesseract 3.04.00' />
  <meta name='ocr-capabilities' content='ocr_page ocr_carea ocr_par ocr_line ocrx_word'/>
</head>
<body>
  <div class='ocr_page' id='page_1' title='image "./tliviipatavinih00homegoog_0337.png"; bbox 0 0 3067 5342; ppageno 0'>
   <div class='ocr_carea' id='block_1_1' title="bbox 437 669 1150 767">
    <p class='ocr_par' dir='ltr' id='par_1_1' title="bbox 437 669 1150 767">
     <span class='ocr_line' id='line_1_1' title="bbox 437 669 1150 767; baseline -0.007 -22"><span class='ocrx_word' id='word_1_1' title='bbox 437 671 667 746; x_wconf 77' lang='lat' dir='ltr'>Lraart</span> <span class='ocrx_word' id='word_1_2' title='bbox 719 669 819 744; x_wconf 88' lang='lat' dir='ltr'><strong>VIII.</strong></span> <span class='ocrx_word' id='word_1_3' title='bbox 1079 692 1150 767; x_wconf 83' lang='lat'>329</span> 
     </span>
    </p>
   </div>
   <div class='ocr_carea' id='block_1_2' title="bbox 59 839 1166 4189">
    <p class='ocr_par' dir='ltr' id='par_1_2' title="bbox 59 839 1166 4189">
     <span class='ocr_line' id='line_1_2' title="bbox 170 839 1166 946; baseline -0.003 -25"><span class='ocrx_word' id='word_1_4' title='bbox 170 845 348 945; x_wconf 79' lang='lat' dir='ltr'>equitum</span> <span class='ocrx_word' id='word_1_5' title='bbox 403 845 515 946; x_wconf 80' lang='lat' dir='ltr'>Qod</span> <span class='ocrx_word' id='word_1_6' title='bbox 545 843 612 919; x_wconf 90' lang='lat' dir='ltr'>ubi</span> <span class='ocrx_word' id='word_1_7' title='bbox 640 842 807 918; x_wconf 87' lang='lat' dir='ltr'>auditum</span> <span class='ocrx_word' id='word_1_8' title='bbox 836 843 1011 941; x_wconf 81' lang='lat' dir='ltr'>stmulque</span> <span class='ocrx_word' id='word_1_9' title='bbox 1035 839 1166 918; x_wconf 77' lang='lat' dir='ltr'>visum&#39;</span> 
     </span>
     <span class='ocr_line' id='line_1_3' title="bbox 171 960 1154 1063; baseline -0.002 -23"><span class='ocrx_word' id='word_1_10' title='bbox 171 967 235 1054; x_wconf 89' lang='lat' dir='ltr'>est,</span> <span class='ocrx_word' id='word_1_11' title='bbox 260 967 350 1040; x_wconf 88' lang='lat' dir='ltr'>adeo</span> <span class='ocrx_word' id='word_1_12' title='bbox 376 986 518 1062; x_wconf 90' lang='lat' dir='ltr'>repente</span> <span class='ocrx_word' id='word_1_13' title='bbox 548 962 689 1052; x_wconf 85' lang='lat' dir='ltr'>laboris,</span> <span class='ocrx_word' id='word_1_14' title='bbox 720 988 782 1063; x_wconf 86' lang='lat' dir='ltr'>per</span> <span class='ocrx_word' id='word_1_15' title='bbox 802 960 900 1036; x_wconf 87' lang='lat' dir='ltr'>diem</span> <span class='ocrx_word' id='word_1_16' title='bbox 921 987 1012 1060; x_wconf 88' lang='lat' dir='ltr'>pene</span> <span class='ocrx_word' id='word_1_17' title='bbox 1033 983 1154 1038; x_wconf 87' lang='lat' dir='ltr'>totum</span> 
     </span>
     <span class='ocr_line' id='line_1_4' title="bbox 171 1081 1153 1190; baseline -0.003 -30"><span class='ocrx_word' id='word_1_18' title='bbox 171 1085 322 1173; x_wconf 90' lang='lat' dir='ltr'>tolerati,</span> <span class='ocrx_word' id='word_1_19' title='bbox 353 1087 613 1190; x_wconf 67' lang='lat' dir='ltr'>vulnerumque</span> <span class='ocrx_word' id='word_1_20' title='bbox 641 1081 744 1158; x_wconf 91' lang='lat' dir='ltr'>obliti</span> <span class='ocrx_word' id='word_1_21' title='bbox 778 1081 870 1170; x_wconf 92' lang='lat' dir='ltr'>sunt,</span> <span class='ocrx_word' id='word_1_22' title='bbox 902 1102 945 1155; x_wconf 93' lang='lat' dir='ltr'>ut</span> <span class='ocrx_word' id='word_1_23' title='bbox 972 1084 1072 1156; x_wconf 81' lang='lat' dir='ltr'>haud</span> <span class='ocrx_word' id='word_1_24' title='bbox 1103 1082 1153 1157; x_wconf 91' lang='lat' dir='ltr'>se·</span> 
     </span>
     <span class='ocr_line' id='line_1_5' title="bbox 172 1201 1153 1304; baseline -0.002 -23"><span class='ocrx_word' id='word_1_25' title='bbox 172 1233 249 1295; x_wconf 91' lang='lat' dir='ltr'>cus,</span> <span class='ocrx_word' id='word_1_26' title='bbox 277 1231 387 1304; x_wconf 90' lang='lat' dir='ltr'>quam</span> <span class='ocrx_word' id='word_1_27' title='bbox 404 1208 520 1278; x_wconf 86' lang='lat' dir='ltr'>litum</span> <span class='ocrx_word' id='word_1_28' title='bbox 536 1203 664 1304; x_wconf 87' lang='lat' dir='ltr'>integri</span> <span class='ocrx_word' id='word_1_29' title='bbox 681 1231 700 1278; x_wconf 94' lang='lat' dir='ltr'>e</span> <span class='ocrx_word' id='word_1_30' title='bbox 718 1201 834 1278; x_wconf 85' lang='lat' dir='ltr'>eastris</span> <span class='ocrx_word' id='word_1_31' title='bbox 856 1205 994 1301; x_wconf 86' lang='lat' dir='ltr'>lignum</span> <span class='ocrx_word' id='word_1_32' title='bbox 1010 1226 1153 1302; x_wconf 84' lang='lat' dir='ltr'>pugnae</span> 
     </span>
     <span class='ocr_line' id='line_1_6' title="bbox 170 1319 1151 1424; baseline -0.004 -23"><span class='ocrx_word' id='word_1_33' title='bbox 170 1325 392 1424; x_wconf 88' lang='lat' dir='ltr'>accepiffent,</span> <span class='ocrx_word' id='word_1_34' title='bbox 418 1321 671 1400; x_wconf 83' lang='lat' dir='ltr'>concitaverint</span> <span class='ocrx_word' id='word_1_35' title='bbox 687 1320 720 1396; x_wconf 92' lang='lat' dir='ltr'>se</span> <span class='ocrx_word' id='word_1_36' title='bbox 738 1322 774 1396; x_wconf 91' lang='lat' dir='ltr'>in</span> <span class='ocrx_word' id='word_1_37' title='bbox 791 1319 939 1396; x_wconf 89' lang='lat' dir='ltr'>hostem.</span> <span class='ocrx_word' id='word_1_38' title='bbox 989 1324 1070 1397; x_wconf 91' lang='lat' dir='ltr'>Nec</span> <span class='ocrx_word' id='word_1_39' title='bbox 1095 1326 1151 1397; x_wconf 89' lang='lat' dir='ltr'>ul·</span> 
     </span>
     <span class='ocr_line' id='line_1_7' title="bbox 172 1441 1152 1540; baseline -0.002 -19"><span class='ocrx_word' id='word_1_40' title='bbox 172 1466 225 1521; x_wconf 85' lang='lat' dir='ltr'>tra</span> <span class='ocrx_word' id='word_1_41' title='bbox 240 1445 378 1521; x_wconf 88' lang='lat' dir='ltr'>Samnis</span> <span class='ocrx_word' id='word_1_42' title='bbox 404 1447 547 1520; x_wconf 88' lang='lat' dir='ltr'>tolerare</span> <span class='ocrx_word' id='word_1_43' title='bbox 575 1463 740 1518; x_wconf 84' lang='lat' dir='ltr'>terrorem</span> <span class='ocrx_word' id='word_1_44' title='bbox 757 1441 937 1540; x_wconf 91' lang='lat' dir='ltr'>equitum,</span> <span class='ocrx_word' id='word_1_45' title='bbox 970 1441 1152 1540; x_wconf 58' lang='lat' dir='ltr'>pediturn*</span> 
     </span>
     <span class='ocr_line' id='line_1_8' title="bbox 172 1559 1152 1665; baseline 0 -25"><span class='ocrx_word' id='word_1_46' title='bbox 172 1591 243 1665; x_wconf 91' lang='lat' dir='ltr'>que</span> <span class='ocrx_word' id='word_1_47' title='bbox 270 1565 346 1641; x_wconf 89' lang='lat' dir='ltr'>vim</span> <span class='ocrx_word' id='word_1_48' title='bbox 362 1564 504 1664; x_wconf 75' lang='lat' dir='ltr'>potuitz</span> <span class='ocrx_word' id='word_1_49' title='bbox 531 1562 660 1662; x_wconf 84' lang='lat' dir='ltr'>partim</span> <span class='ocrx_word' id='word_1_50' title='bbox 689 1561 727 1636; x_wconf 92' lang='lat' dir='ltr'>in</span> <span class='ocrx_word' id='word_1_51' title='bbox 749 1559 871 1637; x_wconf 89' lang='lat' dir='ltr'>medio</span> <span class='ocrx_word' id='word_1_52' title='bbox 894 1565 993 1652; x_wconf 87' lang='lat' dir='ltr'>caefi,</span> <span class='ocrx_word' id='word_1_53' title='bbox 1023 1563 1152 1661; x_wconf 88' lang='lat' dir='ltr'>partim</span> 
     </span>
     <span class='ocr_line' id='line_1_9' title="bbox 171 1681 1152 1786; baseline -0.005 -23"><span class='ocrx_word' id='word_1_54' title='bbox 171 1686 210 1763; x_wconf 92' lang='lat' dir='ltr'>in</span> <span class='ocrx_word' id='word_1_55' title='bbox 232 1685 356 1786; x_wconf 85' lang='lat' dir='ltr'>fugam</span> <span class='ocrx_word' id='word_1_56' title='bbox 384 1684 534 1784; x_wconf 87' lang='lat' dir='ltr'>diffipati</span> <span class='ocrx_word' id='word_1_57' title='bbox 556 1681 645 1757; x_wconf 91' lang='lat' dir='ltr'>sunt.</span> <span class='ocrx_word' id='word_1_58' title='bbox 695 1685 809 1757; x_wconf 84' lang='lat' dir='ltr'>Pedes</span> <span class='ocrx_word' id='word_1_59' title='bbox 830 1682 994 1757; x_wconf 84' lang='lat' dir='ltr'>restantes</span> <span class='ocrx_word' id='word_1_60' title='bbox 1015 1709 1057 1758; x_wconf 87' lang='lat' dir='ltr'>ac</span> <span class='ocrx_word' id='word_1_61' title='bbox 1085 1683 1152 1759; x_wconf 89' lang='lat' dir='ltr'>cir-</span> 
     </span>
     <span class='ocr_line' id='line_1_10' title="bbox 172 1802 1152 1906; baseline -0.002 -23"><span class='ocrx_word' id='word_1_62' title='bbox 172 1826 381 1884; x_wconf 89' lang='lat' dir='ltr'>cumventos</span> <span class='ocrx_word' id='word_1_63' title='bbox 399 1804 545 1881; x_wconf 86' lang='lat' dir='ltr'>cecldit:</span> <span class='ocrx_word' id='word_1_64' title='bbox 580 1807 625 1880; x_wconf 85' lang='lat' dir='ltr'>ab</span> <span class='ocrx_word' id='word_1_65' title='bbox 647 1803 767 1902; x_wconf 88' lang='lat' dir='ltr'>equite</span> <span class='ocrx_word' id='word_1_66' title='bbox 791 1802 1009 1902; x_wconf 83' lang='lat' dir='ltr'>fugientium</span> <span class='ocrx_word' id='word_1_67' title='bbox 1025 1803 1152 1906; x_wconf 84' lang='lat' dir='ltr'>strages</span> 
     </span>
     <span class='ocr_line' id='line_1_11' title="bbox 173 1921 1151 2025; baseline -0.001 -23"><span class='ocrx_word' id='word_1_68' title='bbox 173 1927 223 2003; x_wconf 92' lang='lat' dir='ltr'>est</span> <span class='ocrx_word' id='word_1_69' title='bbox 246 1927 360 2014; x_wconf 66' lang='lat' dir='ltr'>iada,</span> <span class='ocrx_word' id='word_1_70' title='bbox 392 1926 483 2002; x_wconf 92' lang='lat' dir='ltr'>inter</span> <span class='ocrx_word' id='word_1_71' title='bbox 509 1950 600 2025; x_wconf 90' lang='lat' dir='ltr'>quos</span> <span class='ocrx_word' id='word_1_72' title='bbox 633 1926 667 1997; x_wconf 75' lang='grc' dir='ltr'>δι</span> <span class='ocrx_word' id='word_1_73' title='bbox 694 1921 765 2020; x_wconf 93' lang='lat' dir='ltr'>ipse</span> <span class='ocrx_word' id='word_1_74' title='bbox 797 1921 986 2020; x_wconf 89' lang='lat' dir='ltr'>imperator</span> <span class='ocrx_word' id='word_1_75' title='bbox 1009 1925 1151 2002; x_wconf 86' lang='lat' dir='ltr'>cecidit.</span> 
     </span>
     <span class='ocr_line' id='line_1_12' title="bbox 172 2042 1151 2145; baseline -0.002 -23"><span class='ocrx_word' id='word_1_76' title='bbox 172 2049 261 2122; x_wconf 89' lang='lat' dir='ltr'>Hoc</span> <span class='ocrx_word' id='word_1_77' title='bbox 275 2047 423 2121; x_wconf 89' lang='lat' dir='ltr'>demum</span> <span class='ocrx_word' id='word_1_78' title='bbox 439 2044 614 2144; x_wconf 88' lang='lat' dir='ltr'>proelium</span> <span class='ocrx_word' id='word_1_79' title='bbox 637 2043 851 2118; x_wconf 86' lang='lat' dir='ltr'><strong>Samnitium</strong></span> <span class='ocrx_word' id='word_1_80' title='bbox 863 2069 916 2118; x_wconf 90' lang='lat' dir='ltr'>res</span> <span class='ocrx_word' id='word_1_81' title='bbox 932 2042 981 2117; x_wconf 90' lang='lat' dir='ltr'>ita</span> <span class='ocrx_word' id='word_1_82' title='bbox 995 2042 1151 2145; x_wconf 82' lang='lat' dir='ltr'>infregit,</span> 
     </span>
     <span class='ocr_line' id='line_1_13' title="bbox 171 2163 1153 2253; baseline 0.001 -13"><span class='ocrx_word' id='word_1_83' title='bbox 171 2187 214 2241; x_wconf 92' lang='lat' dir='ltr'>ut</span> <span class='ocrx_word' id='word_1_84' title='bbox 247 2165 414 2242; x_wconf 87' lang='lat' dir='ltr'>omnibus</span> <span class='ocrx_word' id='word_1_85' title='bbox 441 2163 601 2240; x_wconf 88' lang='lat' dir='ltr'>conciliis</span> <span class='ocrx_word' id='word_1_86' title='bbox 631 2163 832 2253; x_wconf 86' lang='lat' dir='ltr'>fremerent,</span> <span class='ocrx_word' id='word_1_87' title='bbox 879 2163 1082 2240; x_wconf 88' lang='lat' dir='ltr'>“minime</span> <span class='ocrx_word' id='word_1_88' title='bbox 1112 2166 1153 2241; x_wconf 91' lang='lat' dir='ltr'>id</span> 
     </span>
     <span class='ocr_line' id='line_1_14' title="bbox 174 2283 1156 2386; baseline 0 -25"><span class='ocrx_word' id='word_1_89' title='bbox 174 2286 369 2386; x_wconf 86' lang='lat' dir='ltr'>“quidem</span> <span class='ocrx_word' id='word_1_90' title='bbox 397 2285 529 2360; x_wconf 89' lang='lat' dir='ltr'>mirum</span> <span class='ocrx_word' id='word_1_91' title='bbox 558 2287 638 2373; x_wconf 84' lang='lat' dir='ltr'>effe,</span> <span class='ocrx_word' id='word_1_92' title='bbox 664 2287 688 2357; x_wconf 88' lang='lat' dir='ltr'>fi</span> <span class='ocrx_word' id='word_1_93' title='bbox 717 2283 817 2384; x_wconf 91' lang='lat' dir='ltr'>inpio</span> <span class='ocrx_word' id='word_1_94' title='bbox 842 2287 951 2374; x_wconf 91' lang='lat' dir='ltr'>bello,</span> <span class='ocrx_word' id='word_1_95' title='bbox 981 2288 1015 2358; x_wconf 70' lang='grc' dir='ltr'>ἃ</span> <span class='ocrx_word' id='word_1_96' title='bbox 1032 2307 1156 2361; x_wconf 90' lang='lat' dir='ltr'>contra</span> 
     </span>
     <span class='ocr_line' id='line_1_15' title="bbox 59 2391 1152 2505; baseline 0.002 -24"><span class='ocrx_word' id='word_1_97' title='bbox 59 2441 62 2448; x_wconf 91' lang='lat'>·</span> <span class='ocrx_word' id='word_1_98' title='bbox 175 2418 201 2452; x_wconf 73' lang='lat'>‘⁴</span> <span class='ocrx_word' id='word_1_99' title='bbox 219 2406 345 2481; x_wconf 86' lang='lat' dir='ltr'>foedus</span> <span class='ocrx_word' id='word_1_100' title='bbox 360 2403 532 2504; x_wconf 90' lang='lat' dir='ltr'>suscepto,</span> <span class='ocrx_word' id='word_1_101' title='bbox 558 2391 794 2480; x_wconf 87' lang='lat' dir='ltr'>infestioribus</span> <span class='ocrx_word' id='word_1_102' title='bbox 810 2405 938 2480; x_wconf 87' lang='lat' dir='ltr'>metito</span> <span class='ocrx_word' id='word_1_103' title='bbox 951 2404 1032 2480; x_wconf 85' lang='lat' dir='ltr'>Diis</span> <span class='ocrx_word' id='word_1_104' title='bbox 1042 2433 1152 2505; x_wconf 89' lang='lat' dir='ltr'>quam</span> 
     </span>
     <span class='ocr_line' id='line_1_16' title="bbox 173 2523 1152 2624; baseline 0.002 -23"><span class='ocrx_word' id='word_1_105' title='bbox 173 2536 199 2571; x_wconf 91' lang='lat'><strong>“</strong></span> <span class='ocrx_word' id='word_1_106' title='bbox 218 2526 439 2616; x_wconf 87' lang='lat' dir='ltr'>hominibus,</span> <span class='ocrx_word' id='word_1_107' title='bbox 477 2525 566 2600; x_wconf 92' lang='lat' dir='ltr'>nihil</span> <span class='ocrx_word' id='word_1_108' title='bbox 601 2523 760 2624; x_wconf 86' lang='lat' dir='ltr'>prospere</span> <span class='ocrx_word' id='word_1_109' title='bbox 790 2546 943 2624; x_wconf 86' lang='lat' dir='ltr'>agerent.</span> <span class='ocrx_word' id='word_1_110' title='bbox 994 2527 1152 2624; x_wconf 84' lang='lat' dir='ltr'>Expian-</span> 
     </span>
     <span class='ocr_line' id='line_1_17' title="bbox 174 2646 1152 2747; baseline 0.003 -26"><span class='ocrx_word' id='word_1_111' title='bbox 174 2648 309 2721; x_wconf 88' lang='lat' dir='ltr'>“dum</span> <span class='ocrx_word' id='word_1_112' title='bbox 333 2646 372 2720; x_wconf 93' lang='lat' dir='ltr'>id</span> <span class='ocrx_word' id='word_1_113' title='bbox 395 2647 528 2722; x_wconf 90' lang='lat' dir='ltr'>bellum</span> <span class='ocrx_word' id='word_1_114' title='bbox 551 2671 680 2746; x_wconf 86' lang='lat' dir='ltr'>magna</span> <span class='ocrx_word' id='word_1_115' title='bbox 698 2646 875 2733; x_wconf 87' lang='lat' dir='ltr'>mercede,</span> <span class='ocrx_word' id='word_1_116' title='bbox 904 2646 1152 2747; x_wconf 86' lang='lat' dir='ltr'>luendumque</span> 
     </span>
     <span class='ocr_line' id='line_1_18' title="bbox 173 2762 1153 2862; baseline 0 -19"><span class='ocrx_word' id='word_1_117' title='bbox 173 2777 199 2812; x_wconf 90' lang='lat'><strong>“</strong></span> <span class='ocrx_word' id='word_1_118' title='bbox 218 2770 296 2843; x_wconf 84' lang='lat' dir='ltr'>effe.</span> <span class='ocrx_word' id='word_1_119' title='bbox 346 2768 390 2841; x_wconf 93' lang='lat' dir='ltr'>ld</span> <span class='ocrx_word' id='word_1_120' title='bbox 404 2766 529 2842; x_wconf 87' lang='lat' dir='ltr'>referre</span> <span class='ocrx_word' id='word_1_121' title='bbox 543 2785 695 2852; x_wconf 87' lang='lat' dir='ltr'>tantum,</span> <span class='ocrx_word' id='word_1_122' title='bbox 722 2785 844 2839; x_wconf 86' lang='lat' dir='ltr'>utmm</span> <span class='ocrx_word' id='word_1_123' title='bbox 855 2762 1027 2862; x_wconf 84' lang='lat' dir='ltr'>supplicia</span> <span class='ocrx_word' id='word_1_124' title='bbox 1041 2767 1153 2843; x_wconf 85' lang='lat' dir='ltr'>noxio</span> 
     </span>
     <span class='ocr_line' id='line_1_19' title="bbox 78 2874 1152 2987; baseline 0.001 -25"><span class='ocrx_word' id='word_1_125' title='bbox 78 2874 80 2884; x_wconf 13' lang='grc' dir='ltr'>γ</span> <span class='ocrx_word' id='word_1_126' title='bbox 174 2897 200 2934; x_wconf 90' lang='lat'><strong>“</strong></span> <span class='ocrx_word' id='word_1_127' title='bbox 218 2912 429 2987; x_wconf 86' lang='lat' dir='ltr'>paucorum,</span> <span class='ocrx_word' id='word_1_128' title='bbox 456 2911 501 2960; x_wconf 92' lang='lat' dir='ltr'>an</span> <span class='ocrx_word' id='word_1_129' title='bbox 527 2884 691 2960; x_wconf 90' lang='lat' dir='ltr'>omnium</span> <span class='ocrx_word' id='word_1_130' title='bbox 708 2883 859 2959; x_wconf 80' lang='lat' dir='ltr'>innoxio</span> <span class='ocrx_word' id='word_1_131' title='bbox 874 2887 1063 2983; x_wconf 86' lang='lat' dir='ltr'>praebeant</span> <span class='ocrx_word' id='word_1_132' title='bbox 1078 2885 1152 2963; x_wconf 90' lang='lat' dir='ltr'>san·</span> 
     </span>
     <span class='ocr_line' id='line_1_20' title="bbox 174 3003 1154 3109; baseline 0.001 -28"><span class='ocrx_word' id='word_1_133' title='bbox 174 3018 200 3052; x_wconf 89' lang='lat'>“</span> <span class='ocrx_word' id='word_1_134' title='bbox 218 3007 369 3109; x_wconf 78' lang='lat' dir='ltr'>guine=&#39;&#39;</span> <span class='ocrx_word' id='word_1_135' title='bbox 410 3007 661 3104; x_wconf 81' lang='lat' dir='ltr'>audebantque</span> <span class='ocrx_word' id='word_1_136' title='bbox 685 3005 760 3100; x_wconf 86' lang='lat' dir='ltr'>jam</span> <span class='ocrx_word' id='word_1_137' title='bbox 792 3003 942 3103; x_wconf 82' lang='lat' dir='ltr'>quidam</span> <span class='ocrx_word' id='word_1_138' title='bbox 972 3005 1154 3083; x_wconf 86' lang='lat' dir='ltr'>nominare</span> 
     </span>
     <span class='ocr_line' id='line_1_21' title="bbox 174 3124 1154 3225; baseline -0.002 -21"><span class='ocrx_word' id='word_1_139' title='bbox 174 3132 334 3204; x_wconf 66' lang='lat' dir='ltr'>audores</span> <span class='ocrx_word' id='word_1_140' title='bbox 349 3151 540 3202; x_wconf 84' lang='lat' dir='ltr'>armorum.</span> <span class='ocrx_word' id='word_1_141' title='bbox 590 3128 720 3200; x_wconf 92' lang='lat' dir='ltr'>Unum</span> <span class='ocrx_word' id='word_1_142' title='bbox 746 3124 903 3200; x_wconf 83' lang='lat' dir='ltr'>maxime</span> <span class='ocrx_word' id='word_1_143' title='bbox 930 3151 1062 3199; x_wconf 88' lang='lat' dir='ltr'>nomen</span> <span class='ocrx_word' id='word_1_144' title='bbox 1091 3154 1154 3225; x_wconf 87' lang='lat' dir='ltr'>per</span> 
     </span>
     <span class='ocr_line' id='line_1_22' title="bbox 173 3243 1153 3343; baseline -0.001 -19"><span class='ocrx_word' id='word_1_145' title='bbox 173 3245 381 3325; x_wconf 89' lang='lat' dir='ltr'>consensum</span> <span class='ocrx_word' id='word_1_146' title='bbox 401 3245 631 3322; x_wconf 83' lang='lat' dir='ltr'>clamantium</span> <span class='ocrx_word' id='word_1_147' title='bbox 664 3244 802 3319; x_wconf 90' lang='lat' dir='ltr'>Brutuli</span> <span class='ocrx_word' id='word_1_148' title='bbox 821 3243 922 3343; x_wconf 88' lang='lat' dir='ltr'>Papii</span> <span class='ocrx_word' id='word_1_149' title='bbox 940 3245 1153 3323; x_wconf 80' lang='lat' dir='ltr'>exaudieba-</span> 
     </span>
     <span class='ocr_line' id='line_1_23' title="bbox 173 3364 1152 3466; baseline -0.005 -20"><span class='ocrx_word' id='word_1_150' title='bbox 173 3391 243 3446; x_wconf 90' lang='lat' dir='ltr'>tur.</span> <span class='ocrx_word' id='word_1_151' title='bbox 299 3367 363 3443; x_wconf 89' lang='lat' dir='ltr'>Vir</span> <span class='ocrx_word' id='word_1_152' title='bbox 395 3365 524 3443; x_wconf 93' lang='lat' dir='ltr'>nobilis</span> <span class='ocrx_word' id='word_1_153' title='bbox 555 3364 748 3466; x_wconf 88' lang='lat' dir='ltr'>potensque</span> <span class='ocrx_word' id='word_1_154' title='bbox 779 3387 861 3454; x_wconf 88' lang='lat' dir='ltr'>erat,</span> <span class='ocrx_word' id='word_1_155' title='bbox 909 3366 1009 3439; x_wconf 89' lang='lat' dir='ltr'>haud</span> <span class='ocrx_word' id='word_1_156' title='bbox 1040 3365 1152 3442; x_wconf 92' lang='lat' dir='ltr'>dubie</span> 
     </span>
     <span class='ocr_line' id='line_1_24' title="bbox 173 3485 1154 3589; baseline 0 -25"><span class='ocrx_word' id='word_1_157' title='bbox 173 3487 417 3589; x_wconf 85' lang='lat' dir='ltr'>proximarum</span> <span class='ocrx_word' id='word_1_158' title='bbox 450 3485 676 3560; x_wconf 88' lang='lat' dir='ltr'>induciarum</span> <span class='ocrx_word' id='word_1_159' title='bbox 701 3505 834 3582; x_wconf 86' lang='lat' dir='ltr'>ruptor.</span> <span class='ocrx_word' id='word_1_160' title='bbox 885 3486 942 3559; x_wconf 92' lang='lat' dir='ltr'>De</span> <span class='ocrx_word' id='word_1_161' title='bbox 971 3511 1015 3560; x_wconf 89' lang='lat' dir='ltr'>eo</span> <span class='ocrx_word' id='word_1_162' title='bbox 1036 3488 1154 3564; x_wconf 73' lang='lat' dir='ltr'>coaui</span> 
     </span>
     <span class='ocr_line' id='line_1_25' title="bbox 174 3603 1154 3706; baseline -0.002 -22"><span class='ocrx_word' id='word_1_163' title='bbox 174 3607 299 3685; x_wconf 88' lang='lat' dir='ltr'>referre</span> <span class='ocrx_word' id='word_1_164' title='bbox 321 3627 494 3706; x_wconf 89' lang='lat' dir='ltr'>praetores</span> <span class='ocrx_word' id='word_1_165' title='bbox 510 3607 696 3681; x_wconf 87' lang='lat' dir='ltr'>decretum</span> <span class='ocrx_word' id='word_1_166' title='bbox 713 3603 879 3692; x_wconf 86' lang='lat' dir='ltr'>fecerent,</span> <span class='ocrx_word' id='word_1_167' title='bbox 908 3613 934 3648; x_wconf 88' lang='lat'><strong>“</strong></span> <span class='ocrx_word' id='word_1_168' title='bbox 953 3607 1008 3680; x_wconf 95' lang='lat' dir='ltr'>Ut</span> <span class='ocrx_word' id='word_1_169' title='bbox 1025 3609 1154 3682; x_wconf 89' lang='lat' dir='ltr'>Brutu-</span> 
     </span>
     <span class='ocr_line' id='line_1_26' title="bbox 177 3724 1156 3831; baseline -0.001 -28"><span class='ocrx_word' id='word_1_170' title='bbox 177 3730 277 3805; x_wconf 87' lang='lat' dir='ltr'>“lus</span> <span class='ocrx_word' id='word_1_171' title='bbox 310 3727 442 3826; x_wconf 85' lang='lat' dir='ltr'>Papius</span> <span class='ocrx_word' id='word_1_172' title='bbox 474 3724 650 3801; x_wconf 83' lang='lat' dir='ltr'>Romanis</span> <span class='ocrx_word' id='word_1_173' title='bbox 682 3725 882 3831; x_wconf 82' lang='lat' dir='ltr'>dederetur,</span> <span class='ocrx_word' id='word_1_174' title='bbox 929 3728 963 3799; x_wconf 74' lang='grc' dir='ltr'>δι</span> <span class='ocrx_word' id='word_1_175' title='bbox 997 3751 1082 3801; x_wconf 87' lang='lat' dir='ltr'>curn</span> <span class='ocrx_word' id='word_1_176' title='bbox 1111 3753 1156 3802; x_wconf 92' lang='lat' dir='ltr'>eo</span> 
     </span>
     <span class='ocr_line' id='line_1_27' title="bbox 175 3845 1155 3949; baseline -0.001 -25"><span class='ocrx_word' id='word_1_177' title='bbox 175 3861 202 3896; x_wconf 87' lang='lat'><strong>“</strong></span> <span class='ocrx_word' id='word_1_178' title='bbox 220 3851 349 3949; x_wconf 83' lang='lat' dir='ltr'>praeda·</span> <span class='ocrx_word' id='word_1_179' title='bbox 364 3846 480 3923; x_wconf 88' lang='lat' dir='ltr'>omnis</span> <span class='ocrx_word' id='word_1_180' title='bbox 505 3849 684 3933; x_wconf 88' lang='lat' dir='ltr'>Romana,</span> <span class='ocrx_word' id='word_1_181' title='bbox 707 3845 910 3945; x_wconf 87' lang='lat' dir='ltr'>captivique</span> <span class='ocrx_word' id='word_1_182' title='bbox 933 3867 975 3920; x_wconf 90' lang='lat' dir='ltr'>ut</span> <span class='ocrx_word' id='word_1_183' title='bbox 996 3848 1155 3923; x_wconf 86' lang='lat' dir='ltr'>Romam</span> 
     </span>
     <span class='ocr_line' id='line_1_28' title="bbox 175 3965 1154 4070; baseline 0 -26"><span class='ocrx_word' id='word_1_184' title='bbox 175 3981 202 4016; x_wconf 93' lang='lat'><strong>“</strong></span> <span class='ocrx_word' id='word_1_185' title='bbox 220 3969 461 4056; x_wconf 83' lang='lat' dir='ltr'>mitterentur3</span> <span class='ocrx_word' id='word_1_186' title='bbox 486 3990 650 4070; x_wconf 85' lang='lat' dir='ltr'>quaeque</span> <span class='ocrx_word' id='word_1_187' title='bbox 662 3992 715 4041; x_wconf 88' lang='lat' dir='ltr'>res</span> <span class='ocrx_word' id='word_1_188' title='bbox 729 3992 792 4066; x_wconf 89' lang='lat' dir='ltr'>per</span> <span class='ocrx_word' id='word_1_189' title='bbox 801 3965 940 4041; x_wconf 87' lang='lat' dir='ltr'>feciales</span> <span class='ocrx_word' id='word_1_190' title='bbox 954 3991 1000 4040; x_wconf 81' lang='lat' dir='ltr'>ex</span> <span class='ocrx_word' id='word_1_191' title='bbox 1012 3967 1154 4045; x_wconf 87' lang='lat' dir='ltr'>foedere</span> 
     </span>
     <span class='ocr_line' id='line_1_29' title="bbox 174 4085 1152 4189; baseline 0 -23"><span class='ocrx_word' id='word_1_192' title='bbox 174 4088 385 4189; x_wconf 84' lang='lat' dir='ltr'>“repetitae</span> <span class='ocrx_word' id='word_1_193' title='bbox 408 4089 529 4176; x_wconf 85' lang='lat' dir='ltr'>effent,</span> <span class='ocrx_word' id='word_1_194' title='bbox 554 4085 752 4165; x_wconf 85' lang='lat' dir='ltr'>secundum</span> <span class='ocrx_word' id='word_1_195' title='bbox 772 4087 832 4183; x_wconf 89' lang='lat' dir='ltr'>jus</span> <span class='ocrx_word' id='word_1_196' title='bbox 859 4085 979 4187; x_wconf 79' lang='lat' dir='ltr'>fasque</span> <span class='ocrx_word' id='word_1_197' title='bbox 996 4087 1152 4166; x_wconf 87' lang='lat' dir='ltr'>restitue·</span> 
     </span>
    </p>
   </div>
   <div class='ocr_carea' id='block_1_3' title="bbox 0 0 1543 5342">
    <p class='ocr_par' dir='ltr' id='par_1_3' title="bbox 0 0 1543 5342">
     <span class='ocr_line' id='line_1_30' title="bbox 0 0 1543 5342; baseline 0 0"><span class='ocrx_word' id='word_1_198' title='bbox 0 0 1543 5342; x_wconf 95' lang='lat' dir='ltr'> </span> 
     </span>
    </p>
   </div>
  </div>
 </body>
</html>
