<?xml version="1.0" encoding="UTF-8"?>
<!DOCTYPE html PUBLIC "-//W3C//DTD XHTML 1.0 Transitional//EN"
    "http://www.w3.org/TR/xhtml1/DTD/xhtml1-transitional.dtd">
<html xmlns="http://www.w3.org/1999/xhtml" xml:lang="en" lang="en">
 <head>
  <title>
</title>
<meta http-equiv="Content-Type" content="text/html;charset=utf-8" />
  <meta name='ocr-system' content='tesseract 3.04.00' />
  <meta name='ocr-capabilities' content='ocr_page ocr_carea ocr_par ocr_line ocrx_word'/>
</head>
<body>
  <div class='ocr_page' id='page_1' title='image "./tliviipatavinih00homegoog_0322.png"; bbox 0 0 3067 5342; ppageno 0'>
   <div class='ocr_carea' id='block_1_1' title="bbox 387 663 1045 764">
    <p class='ocr_par' dir='ltr' id='par_1_1' title="bbox 387 663 1045 764">
     <span class='ocr_line' id='line_1_1' title="bbox 387 663 1045 764; baseline 0 -28"><span class='ocrx_word' id='word_1_1' title='bbox 387 689 461 764; x_wconf 81' lang='lat'>3¹4</span> <span class='ocrx_word' id='word_1_2' title='bbox 730 663 778 736; x_wconf 91' lang='lat' dir='ltr'>T.</span> <span class='ocrx_word' id='word_1_3' title='bbox 828 663 1045 736; x_wconf 83' lang='lat' dir='ltr'>Lr-vtr</span> 
     </span>
    </p>
   </div>
   <div class='ocr_carea' id='block_1_2' title="bbox 371 835 1370 4188">
    <p class='ocr_par' dir='ltr' id='par_1_2' title="bbox 371 835 1370 4188">
     <span class='ocr_line' id='line_1_2' title="bbox 381 835 1368 938; baseline -0.002 -26"><span class='ocrx_word' id='word_1_4' title='bbox 381 837 460 938; x_wconf 89' lang='lat' dir='ltr'>post</span> <span class='ocrx_word' id='word_1_5' title='bbox 492 835 642 912; x_wconf 69' lang='lat' dir='ltr'>dictator</span> <span class='ocrx_word' id='word_1_6' title='bbox 670 835 837 912; x_wconf 80' lang='lat' dir='ltr'>advenit:</span> <span class='ocrx_word' id='word_1_7' title='bbox 871 838 1081 936; x_wconf 81' lang='lat' dir='ltr'>clafficoque</span> <span class='ocrx_word' id='word_1_8' title='bbox 1110 838 1293 935; x_wconf 81' lang='lat' dir='ltr'>extemplo</span> <span class='ocrx_word' id='word_1_9' title='bbox 1320 837 1368 910; x_wconf 84' lang='lat' dir='ltr'>ad</span> 
     </span>
     <span class='ocr_line' id='line_1_3' title="bbox 381 955 1369 1056; baseline -0.003 -22"><span class='ocrx_word' id='word_1_10' title='bbox 381 955 592 1034; x_wconf 86' lang='lat' dir='ltr'>concionem</span> <span class='ocrx_word' id='word_1_11' title='bbox 607 955 805 1034; x_wconf 84' lang='lat' dir='ltr'>advocavit.</span> <span class='ocrx_word' id='word_1_12' title='bbox 856 960 970 1046; x_wconf 91' lang='lat' dir='ltr'>Tum,</span> <span class='ocrx_word' id='word_1_13' title='bbox 996 955 1251 1046; x_wconf 75' lang='lat' dir='ltr'>fitentiofacto,</span> <span class='ocrx_word' id='word_1_14' title='bbox 1271 983 1369 1056; x_wconf 83' lang='lat' dir='ltr'>prae-</span> 
     </span>
     <span class='ocr_line' id='line_1_4' title="bbox 380 1075 1369 1180; baseline -0.004 -24"><span class='ocrx_word' id='word_1_15' title='bbox 380 1105 425 1156; x_wconf 91' lang='lat' dir='ltr'>co</span> <span class='ocrx_word' id='word_1_16' title='bbox 447 1083 504 1180; x_wconf 76' lang='lat' dir='ltr'>Q</span> <span class='ocrx_word' id='word_1_17' title='bbox 520 1075 675 1152; x_wconf 88' lang='lat' dir='ltr'>Fabium</span> <span class='ocrx_word' id='word_1_18' title='bbox 696 1077 905 1178; x_wconf 85' lang='lat' dir='ltr'>magistrum</span> <span class='ocrx_word' id='word_1_19' title='bbox 921 1076 1087 1176; x_wconf 88' lang='lat' dir='ltr'>equitum</span> <span class='ocrx_word' id='word_1_20' title='bbox 1106 1075 1240 1152; x_wconf 87' lang='lat' dir='ltr'>citavit.</span> <span class='ocrx_word' id='word_1_21' title='bbox 1290 1077 1369 1180; x_wconf 74' lang='lat' dir='ltr'>Qui</span> 
     </span>
     <span class='ocr_line' id='line_1_5' title="bbox 381 1195 1370 1287; baseline 0 -13"><span class='ocrx_word' id='word_1_22' title='bbox 381 1201 483 1274; x_wconf 77' lang='lat' dir='ltr'>simul</span> <span class='ocrx_word' id='word_1_23' title='bbox 500 1223 545 1272; x_wconf 82' lang='lat' dir='ltr'>ex</span> <span class='ocrx_word' id='word_1_24' title='bbox 563 1195 726 1272; x_wconf 88' lang='lat' dir='ltr'>inferiore</span> <span class='ocrx_word' id='word_1_25' title='bbox 749 1200 830 1272; x_wconf 91' lang='lat' dir='ltr'>loco</span> <span class='ocrx_word' id='word_1_26' title='bbox 851 1199 899 1272; x_wconf 91' lang='lat' dir='ltr'>ad</span> <span class='ocrx_word' id='word_1_27' title='bbox 925 1198 1080 1274; x_wconf 87' lang='lat' dir='ltr'>tribunal</span> <span class='ocrx_word' id='word_1_28' title='bbox 1108 1201 1258 1287; x_wconf 85' lang='lat' dir='ltr'>acceffit,</span> <span class='ocrx_word' id='word_1_29' title='bbox 1288 1221 1370 1274; x_wconf 91' lang='lat' dir='ltr'>tum</span> 
     </span>
     <span class='ocr_line' id='line_1_6' title="bbox 380 1317 1369 1421; baseline 0 -27"><span class='ocrx_word' id='word_1_30' title='bbox 380 1319 544 1406; x_wconf 65' lang='lat' dir='ltr'>dictator,</span> <span class='ocrx_word' id='word_1_31' title='bbox 573 1329 598 1362; x_wconf 91' lang='lat'><strong>“</strong></span> <span class='ocrx_word' id='word_1_32' title='bbox 613 1321 795 1420; x_wconf 78' lang='lat' dir='ltr'>Qaero,&#39;’</span> <span class='ocrx_word' id='word_1_33' title='bbox 823 1317 956 1416; x_wconf 91' lang='lat' dir='ltr'>inquit,</span> <span class='ocrx_word' id='word_1_34' title='bbox 984 1322 1075 1393; x_wconf 89' lang='lat' dir='ltr'>“de</span> <span class='ocrx_word' id='word_1_35' title='bbox 1104 1340 1153 1407; x_wconf 90' lang='lat' dir='ltr'>te,</span> <span class='ocrx_word' id='word_1_36' title='bbox 1182 1324 1239 1421; x_wconf 76' lang='lat' dir='ltr'>Q</span> <span class='ocrx_word' id='word_1_37' title='bbox 1262 1319 1369 1409; x_wconf 86' lang='lat' dir='ltr'>Fabi,</span> 
     </span>
     <span class='ocr_line' id='line_1_7' title="bbox 379 1436 1368 1540; baseline -0.001 -25"><span class='ocrx_word' id='word_1_38' title='bbox 379 1451 540 1540; x_wconf 91' lang='lat' dir='ltr'>“quum</span> <span class='ocrx_word' id='word_1_39' title='bbox 561 1436 745 1512; x_wconf 85' lang='lat' dir='ltr'>summum</span> <span class='ocrx_word' id='word_1_40' title='bbox 773 1437 965 1538; x_wconf 84' lang='lat' dir='ltr'>imperium</span> <span class='ocrx_word' id='word_1_41' title='bbox 988 1438 1169 1515; x_wconf 69' lang='lat' dir='ltr'>didatoris</span> <span class='ocrx_word' id='word_1_42' title='bbox 1191 1443 1243 1527; x_wconf 78' lang='lat' dir='ltr'>stt,</span> <span class='ocrx_word' id='word_1_43' title='bbox 1267 1465 1368 1537; x_wconf 88' lang='lat' dir='ltr'>pare-</span> 
     </span>
     <span class='ocr_line' id='line_1_8' title="bbox 380 1556 1369 1660; baseline 0 -26"><span class='ocrx_word' id='word_1_44' title='bbox 380 1571 406 1606; x_wconf 88' lang='lat'><strong>“</strong></span> <span class='ocrx_word' id='word_1_45' title='bbox 424 1579 558 1658; x_wconf 89' lang='lat' dir='ltr'>antque</span> <span class='ocrx_word' id='word_1_46' title='bbox 587 1557 620 1632; x_wconf 91' lang='lat' dir='ltr'>ei</span> <span class='ocrx_word' id='word_1_47' title='bbox 652 1556 826 1647; x_wconf 89' lang='lat' dir='ltr'>consules,</span> <span class='ocrx_word' id='word_1_48' title='bbox 867 1558 964 1660; x_wconf 81' lang='lat' dir='ltr'>regia</span> <span class='ocrx_word' id='word_1_49' title='bbox 995 1559 1158 1660; x_wconf 84' lang='lat' dir='ltr'>potestas,</span> <span class='ocrx_word' id='word_1_50' title='bbox 1192 1582 1369 1658; x_wconf 88' lang='lat' dir='ltr'>praetores</span> 
     </span>
     <span class='ocr_line' id='line_1_9' title="bbox 378 1677 1365 1778; baseline 0 -24"><span class='ocrx_word' id='word_1_51' title='bbox 378 1679 547 1754; x_wconf 87' lang='lat' dir='ltr'>“iisdem</span> <span class='ocrx_word' id='word_1_52' title='bbox 571 1677 749 1776; x_wconf 88' lang='lat' dir='ltr'>auspiciis,</span> <span class='ocrx_word' id='word_1_53' title='bbox 779 1677 913 1778; x_wconf 92' lang='lat' dir='ltr'>quibus</span> <span class='ocrx_word' id='word_1_54' title='bbox 939 1678 1112 1768; x_wconf 88' lang='lat' dir='ltr'>consules,</span> <span class='ocrx_word' id='word_1_55' title='bbox 1141 1678 1268 1767; x_wconf 81' lang='lat' dir='ltr'>creati3</span> <span class='ocrx_word' id='word_1_56' title='bbox 1307 1707 1365 1754; x_wconf 89' lang='lat' dir='ltr'>ae·</span> 
     </span>
     <span class='ocr_line' id='line_1_10' title="bbox 380 1797 1367 1899; baseline 0.005 -28"><span class='ocrx_word' id='word_1_57' title='bbox 380 1811 541 1898; x_wconf 89' lang='lat' dir='ltr'>“quum</span> <span class='ocrx_word' id='word_1_58' title='bbox 583 1797 733 1886; x_wconf 88' lang='lat' dir='ltr'>censeas,</span> <span class='ocrx_word' id='word_1_59' title='bbox 778 1825 904 1886; x_wconf 85' lang='lat' dir='ltr'>necne,</span> <span class='ocrx_word' id='word_1_60' title='bbox 951 1797 1159 1898; x_wconf 82' lang='lat' dir='ltr'>magistrum</span> <span class='ocrx_word' id='word_1_61' title='bbox 1199 1801 1367 1899; x_wconf 89' lang='lat' dir='ltr'>equitum</span> 
     </span>
     <span class='ocr_line' id='line_1_11' title="bbox 380 1917 1367 2022; baseline 0.002 -27"><span class='ocrx_word' id='word_1_62' title='bbox 380 1933 406 1966; x_wconf 91' lang='lat'><strong>“</strong></span> <span class='ocrx_word' id='word_1_63' title='bbox 425 1919 523 1996; x_wconf 71' lang='lat' dir='ltr'>disto</span> <span class='ocrx_word' id='word_1_64' title='bbox 536 1918 740 1996; x_wconf 84' lang='lat' dir='ltr'>audientem</span> <span class='ocrx_word' id='word_1_65' title='bbox 755 1921 844 1993; x_wconf 85' lang='lat' dir='ltr'>else?</span> <span class='ocrx_word' id='word_1_66' title='bbox 893 1921 1058 2018; x_wconf 86' lang='lat' dir='ltr'>Itemque</span> <span class='ocrx_word' id='word_1_67' title='bbox 1068 1918 1160 1994; x_wconf 91' lang='lat' dir='ltr'>illud</span> <span class='ocrx_word' id='word_1_68' title='bbox 1171 1917 1367 2022; x_wconf 83' lang='lat' dir='ltr'>interrogo,</span> 
     </span>
     <span class='ocr_line' id='line_1_12' title="bbox 378 2039 1365 2143; baseline 0 -25"><span class='ocrx_word' id='word_1_69' title='bbox 378 2056 403 2090; x_wconf 81' lang='lat'>‘⁶</span> <span class='ocrx_word' id='word_1_70' title='bbox 422 2069 538 2143; x_wconf 89' lang='lat' dir='ltr'>quum</span> <span class='ocrx_word' id='word_1_71' title='bbox 555 2069 613 2117; x_wconf 90' lang='lat' dir='ltr'>me</span> <span class='ocrx_word' id='word_1_72' title='bbox 631 2041 772 2116; x_wconf 88' lang='lat' dir='ltr'>incertis</span> <span class='ocrx_word' id='word_1_73' title='bbox 786 2039 950 2139; x_wconf 83' lang='lat' dir='ltr'>auspiciis</span> <span class='ocrx_word' id='word_1_74' title='bbox 965 2041 1165 2140; x_wconf 66' lang='lat' dir='ltr'>prosedurn</span> <span class='ocrx_word' id='word_1_75' title='bbox 1187 2045 1235 2116; x_wconf 95' lang='lat' dir='ltr'>ab</span> <span class='ocrx_word' id='word_1_76' title='bbox 1251 2043 1365 2118; x_wconf 88' lang='lat' dir='ltr'>domo</span> 
     </span>
     <span class='ocr_line' id='line_1_13' title="bbox 380 2161 1365 2261; baseline -0.003 -22"><span class='ocrx_word' id='word_1_77' title='bbox 380 2176 405 2209; x_wconf 89' lang='lat'><strong>“</strong></span> <span class='ocrx_word' id='word_1_78' title='bbox 423 2163 561 2252; x_wconf 89' lang='lat' dir='ltr'>scirem,</span> <span class='ocrx_word' id='word_1_79' title='bbox 601 2182 723 2237; x_wconf 90' lang='lat' dir='ltr'>utrum</span> <span class='ocrx_word' id='word_1_80' title='bbox 750 2161 842 2236; x_wconf 88' lang='lat' dir='ltr'>mihi</span> <span class='ocrx_word' id='word_1_81' title='bbox 869 2161 1017 2237; x_wconf 87' lang='lat' dir='ltr'>turbatis</span> <span class='ocrx_word' id='word_1_82' title='bbox 1044 2161 1277 2261; x_wconf 82' lang='lat' dir='ltr'>religionibus</span> <span class='ocrx_word' id='word_1_83' title='bbox 1310 2189 1365 2237; x_wconf 88' lang='lat' dir='ltr'>res</span> 
     </span>
     <span class='ocr_line' id='line_1_14' title="bbox 378 2279 1361 2382; baseline 0 -26"><span class='ocrx_word' id='word_1_84' title='bbox 378 2294 403 2329; x_wconf 81' lang='lat'>‘⁶</span> <span class='ocrx_word' id='word_1_85' title='bbox 422 2281 567 2382; x_wconf 88' lang='lat' dir='ltr'>publica</span> <span class='ocrx_word' id='word_1_86' title='bbox 593 2279 631 2355; x_wconf 87' lang='lat' dir='ltr'>in</span> <span class='ocrx_word' id='word_1_87' title='bbox 661 2279 851 2356; x_wconf 86' lang='lat' dir='ltr'>discrimen</span> <span class='ocrx_word' id='word_1_88' title='bbox 879 2281 1139 2358; x_wconf 83' lang='lat' dir='ltr'>committenda</span> <span class='ocrx_word' id='word_1_89' title='bbox 1164 2280 1285 2369; x_wconf 76' lang='lat' dir='ltr'>fisetit,</span> <span class='ocrx_word' id='word_1_90' title='bbox 1316 2309 1361 2356; x_wconf 89' lang='lat' dir='ltr'>an</span> 
     </span>
     <span class='ocr_line' id='line_1_15' title="bbox 377 2400 1362 2501; baseline -0.005 -23"><span class='ocrx_word' id='word_1_91' title='bbox 377 2401 578 2501; x_wconf 87' lang='lat' dir='ltr'>“auspicia</span> <span class='ocrx_word' id='word_1_92' title='bbox 603 2403 806 2500; x_wconf 87' lang='lat' dir='ltr'>repetenda,</span> <span class='ocrx_word' id='word_1_93' title='bbox 833 2429 878 2476; x_wconf 88' lang='lat' dir='ltr'>ne</span> <span class='ocrx_word' id='word_1_94' title='bbox 905 2402 997 2500; x_wconf 93' lang='lat' dir='ltr'>quid</span> <span class='ocrx_word' id='word_1_95' title='bbox 1024 2401 1145 2478; x_wconf 91' lang='lat' dir='ltr'>dubiis</span> <span class='ocrx_word' id='word_1_96' title='bbox 1168 2400 1251 2476; x_wconf 88' lang='lat' dir='ltr'>Diis</span> <span class='ocrx_word' id='word_1_97' title='bbox 1279 2428 1362 2501; x_wconf 83' lang='lat' dir='ltr'>age·</span> 
     </span>
     <span class='ocr_line' id='line_1_16' title="bbox 377 2519 1360 2620; baseline -0.005 -22"><span class='ocrx_word' id='word_1_98' title='bbox 377 2535 402 2570; x_wconf 90' lang='lat'><strong>“</strong></span> <span class='ocrx_word' id='word_1_99' title='bbox 421 2525 518 2598; x_wconf 85' lang='lat' dir='ltr'>rernl</span> <span class='ocrx_word' id='word_1_100' title='bbox 568 2521 683 2597; x_wconf 91' lang='lat' dir='ltr'>Simul</span> <span class='ocrx_word' id='word_1_101' title='bbox 700 2519 804 2609; x_wconf 87' lang='lat' dir='ltr'>illud,</span> <span class='ocrx_word' id='word_1_102' title='bbox 831 2546 924 2620; x_wconf 87' lang='lat' dir='ltr'>quae</span> <span class='ocrx_word' id='word_1_103' title='bbox 939 2520 1103 2598; x_wconf 71' lang='lat' dir='ltr'>dictatori</span> <span class='ocrx_word' id='word_1_104' title='bbox 1120 2519 1245 2619; x_wconf 85' lang='lat' dir='ltr'>religio</span> <span class='ocrx_word' id='word_1_105' title='bbox 1259 2519 1360 2618; x_wconf 87' lang='lat' dir='ltr'>inpe-</span> 
     </span>
     <span class='ocr_line' id='line_1_17' title="bbox 377 2641 1361 2740; baseline -0.002 -22"><span class='ocrx_word' id='word_1_106' title='bbox 377 2656 402 2690; x_wconf 87' lang='lat'><strong>“</strong></span> <span class='ocrx_word' id='word_1_107' title='bbox 420 2642 583 2718; x_wconf 91' lang='lat' dir='ltr'>dimento</span> <span class='ocrx_word' id='word_1_108' title='bbox 599 2643 645 2716; x_wconf 86' lang='lat' dir='ltr'>ad</span> <span class='ocrx_word' id='word_1_109' title='bbox 662 2667 736 2716; x_wconf 90' lang='lat' dir='ltr'>rem</span> <span class='ocrx_word' id='word_1_110' title='bbox 757 2643 948 2740; x_wconf 82' lang='lat' dir='ltr'>gerendam</span> <span class='ocrx_word' id='word_1_111' title='bbox 964 2641 1084 2731; x_wconf 91' lang='lat' dir='ltr'>suerit,</span> <span class='ocrx_word' id='word_1_112' title='bbox 1113 2667 1202 2716; x_wconf 89' lang='lat' dir='ltr'>num</span> <span class='ocrx_word' id='word_1_113' title='bbox 1228 2667 1270 2715; x_wconf 88' lang='lat' dir='ltr'>ea</span> <span class='ocrx_word' id='word_1_114' title='bbox 1286 2667 1361 2716; x_wconf 87' lang='lat' dir='ltr'>ma·</span> 
     </span>
     <span class='ocr_line' id='line_1_18' title="bbox 377 2760 1358 2864; baseline -0.004 -25"><span class='ocrx_word' id='word_1_115' title='bbox 377 2777 401 2810; x_wconf 92' lang='lat'><strong>“</strong></span> <span class='ocrx_word' id='word_1_116' title='bbox 421 2764 525 2864; x_wconf 84' lang='lat' dir='ltr'>gister</span> <span class='ocrx_word' id='word_1_117' title='bbox 547 2761 712 2862; x_wconf 90' lang='lat' dir='ltr'>equiturn</span> <span class='ocrx_word' id='word_1_118' title='bbox 732 2760 866 2836; x_wconf 91' lang='lat' dir='ltr'>solutus</span> <span class='ocrx_word' id='word_1_119' title='bbox 891 2789 932 2838; x_wconf 89' lang='lat' dir='ltr'>ac</span> <span class='ocrx_word' id='word_1_120' title='bbox 958 2764 1049 2838; x_wconf 89' lang='lat' dir='ltr'>liber</span> <span class='ocrx_word' id='word_1_121' title='bbox 1072 2761 1241 2862; x_wconf 87' lang='lat' dir='ltr'>potuerit,</span> <span class='ocrx_word' id='word_1_122' title='bbox 1267 2764 1358 2836; x_wconf 85' lang='lat' dir='ltr'>effe?</span> 
     </span>
     <span class='ocr_line' id='line_1_19' title="bbox 377 2876 1360 2983; baseline -0.004 -23"><span class='ocrx_word' id='word_1_123' title='bbox 377 2886 493 2960; x_wconf 92' lang='lat' dir='ltr'>“Sed</span> <span class='ocrx_word' id='word_1_124' title='bbox 516 2876 606 2982; x_wconf 86' lang='lat' dir='ltr'>quid</span> <span class='ocrx_word' id='word_1_125' title='bbox 634 2909 701 2982; x_wconf 85' lang='lat' dir='ltr'>ego</span> <span class='ocrx_word' id='word_1_126' title='bbox 731 2884 817 2956; x_wconf 87' lang='lat' dir='ltr'>haec</span> <span class='ocrx_word' id='word_1_127' title='bbox 848 2881 1049 2983; x_wconf 84' lang='lat' dir='ltr'>interrogo?</span> <span class='ocrx_word' id='word_1_128' title='bbox 1080 2908 1212 2981; x_wconf 90' lang='lat' dir='ltr'>quum,</span> <span class='ocrx_word' id='word_1_129' title='bbox 1240 2885 1264 2956; x_wconf 85' lang='lat' dir='ltr'>st</span> <span class='ocrx_word' id='word_1_130' title='bbox 1290 2909 1360 2981; x_wconf 84' lang='lat' dir='ltr'>ego</span> 
     </span>
     <span class='ocr_line' id='line_1_20' title="bbox 376 3001 1359 3090; baseline -0.004 -10"><span class='ocrx_word' id='word_1_131' title='bbox 376 3019 401 3052; x_wconf 81' lang='lat'>‘⁴</span> <span class='ocrx_word' id='word_1_132' title='bbox 419 3004 548 3080; x_wconf 87' lang='lat' dir='ltr'>tacitus</span> <span class='ocrx_word' id='word_1_133' title='bbox 564 3002 722 3090; x_wconf 82' lang='lat' dir='ltr'>abissem,</span> <span class='ocrx_word' id='word_1_134' title='bbox 750 3023 870 3076; x_wconf 86' lang='lat' dir='ltr'>tamen</span> <span class='ocrx_word' id='word_1_135' title='bbox 886 3002 953 3078; x_wconf 89' lang='lat' dir='ltr'>tibi</span> <span class='ocrx_word' id='word_1_136' title='bbox 976 3004 1023 3078; x_wconf 91' lang='lat' dir='ltr'>ad</span> <span class='ocrx_word' id='word_1_137' title='bbox 1039 3002 1230 3079; x_wconf 88' lang='lat' dir='ltr'>voluntatis</span> <span class='ocrx_word' id='word_1_138' title='bbox 1252 3001 1359 3077; x_wconf 87' lang='lat' dir='ltr'>inter-</span> 
     </span>
     <span class='ocr_line' id='line_1_21' title="bbox 379 3119 1359 3227; baseline -0.003 -27"><span class='ocrx_word' id='word_1_139' title='bbox 379 3139 404 3172; x_wconf 78' lang='lat'>‘⁴</span> <span class='ocrx_word' id='word_1_140' title='bbox 423 3123 656 3227; x_wconf 88' lang='lat' dir='ltr'>pretationem</span> <span class='ocrx_word' id='word_1_141' title='bbox 669 3148 768 3197; x_wconf 87' lang='lat' dir='ltr'>meae</span> <span class='ocrx_word' id='word_1_142' title='bbox 778 3119 966 3221; x_wconf 84' lang='lat' dir='ltr'>dirigenda</span> <span class='ocrx_word' id='word_1_143' title='bbox 979 3143 1042 3196; x_wconf 90' lang='lat' dir='ltr'>tua</span> <span class='ocrx_word' id='word_1_144' title='bbox 1055 3120 1225 3198; x_wconf 86' lang='lat' dir='ltr'>sententia</span> <span class='ocrx_word' id='word_1_145' title='bbox 1239 3121 1359 3197; x_wconf 87' lang='lat' dir='ltr'>fuerit.</span> 
     </span>
     <span class='ocr_line' id='line_1_22' title="bbox 375 3241 1358 3350; baseline -0.004 -28"><span class='ocrx_word' id='word_1_146' title='bbox 375 3262 400 3294; x_wconf 90' lang='lat'><strong>“</strong></span> <span class='ocrx_word' id='word_1_147' title='bbox 418 3247 521 3350; x_wconf 76' lang='lat' dir='ltr'>Qun</span> <span class='ocrx_word' id='word_1_148' title='bbox 541 3268 578 3320; x_wconf 90' lang='lat' dir='ltr'>tu</span> <span class='ocrx_word' id='word_1_149' title='bbox 605 3241 805 3340; x_wconf 81' lang='lat' dir='ltr'>respondes,</span> <span class='ocrx_word' id='word_1_150' title='bbox 834 3242 1068 3332; x_wconf 84' lang='lat' dir='ltr'>vetuerimne,</span> <span class='ocrx_word' id='word_1_151' title='bbox 1102 3265 1137 3318; x_wconf 83' lang='lat' dir='ltr'>te</span> <span class='ocrx_word' id='word_1_152' title='bbox 1154 3242 1358 3341; x_wconf 86' lang='lat' dir='ltr'>quidquam</span> 
     </span>
     <span class='ocr_line' id='line_1_23' title="bbox 373 3363 1358 3462; baseline -0.008 -18"><span class='ocrx_word' id='word_1_153' title='bbox 373 3382 399 3415; x_wconf 88' lang='lat'><strong>“</strong></span> <span class='ocrx_word' id='word_1_154' title='bbox 417 3369 480 3456; x_wconf 88' lang='lat' dir='ltr'>rei,</span> <span class='ocrx_word' id='word_1_155' title='bbox 521 3393 579 3441; x_wconf 90' lang='lat' dir='ltr'>me</span> <span class='ocrx_word' id='word_1_156' title='bbox 608 3363 761 3451; x_wconf 91' lang='lat' dir='ltr'>absente,</span> <span class='ocrx_word' id='word_1_157' title='bbox 803 3366 935 3462; x_wconf 85' lang='lat' dir='ltr'>agere?</span> <span class='ocrx_word' id='word_1_158' title='bbox 984 3363 1217 3452; x_wconf 86' lang='lat' dir='ltr'>vetuerimne,</span> <span class='ocrx_word' id='word_1_159' title='bbox 1260 3366 1358 3461; x_wconf 75' lang='lat' dir='ltr'>signa</span> 
     </span>
     <span class='ocr_line' id='line_1_24' title="bbox 374 3482 1357 3582; baseline -0.007 -19"><span class='ocrx_word' id='word_1_160' title='bbox 374 3500 398 3534; x_wconf 90' lang='lat'>“</span> <span class='ocrx_word' id='word_1_161' title='bbox 415 3515 500 3563; x_wconf 86' lang='lat' dir='ltr'>cum</span> <span class='ocrx_word' id='word_1_162' title='bbox 523 3485 683 3560; x_wconf 90' lang='lat' dir='ltr'>hostibus</span> <span class='ocrx_word' id='word_1_163' title='bbox 710 3482 890 3558; x_wconf 85' lang='lat' dir='ltr'>conferre?</span> <span class='ocrx_word' id='word_1_164' title='bbox 925 3508 1000 3582; x_wconf 94' lang='lat' dir='ltr'>quo</span> <span class='ocrx_word' id='word_1_165' title='bbox 1029 3506 1070 3557; x_wconf 94' lang='lat' dir='ltr'>tu</span> <span class='ocrx_word' id='word_1_166' title='bbox 1097 3483 1247 3582; x_wconf 90' lang='lat' dir='ltr'>imperio</span> <span class='ocrx_word' id='word_1_167' title='bbox 1273 3510 1357 3557; x_wconf 89' lang='lat' dir='ltr'>meo</span> 
     </span>
     <span class='ocr_line' id='line_1_25' title="bbox 372 3601 1354 3708; baseline -0.004 -26"><span class='ocrx_word' id='word_1_168' title='bbox 372 3621 397 3654; x_wconf 91' lang='lat'><strong>“</strong></span> <span class='ocrx_word' id='word_1_169' title='bbox 415 3607 543 3708; x_wconf 91' lang='lat' dir='ltr'>spret0,</span> <span class='ocrx_word' id='word_1_170' title='bbox 573 3603 715 3680; x_wconf 87' lang='lat' dir='ltr'>incertis</span> <span class='ocrx_word' id='word_1_171' title='bbox 737 3601 914 3702; x_wconf 82' lang='lat' dir='ltr'>auspiciis,</span> <span class='ocrx_word' id='word_1_172' title='bbox 942 3603 1091 3679; x_wconf 87' lang='lat' dir='ltr'>turbatis</span> <span class='ocrx_word' id='word_1_173' title='bbox 1108 3602 1354 3704; x_wconf 84' lang='lat' dir='ltr'>religionibus,</span> 
     </span>
     <span class='ocr_line' id='line_1_26' title="bbox 374 3722 1354 3823; baseline -0.006 -19"><span class='ocrx_word' id='word_1_174' title='bbox 374 3725 579 3804; x_wconf 87' lang='lat' dir='ltr'>“adversus</span> <span class='ocrx_word' id='word_1_175' title='bbox 601 3751 737 3800; x_wconf 91' lang='lat' dir='ltr'>morem</span> <span class='ocrx_word' id='word_1_176' title='bbox 757 3723 947 3800; x_wconf 87' lang='lat' dir='ltr'>militarem</span> <span class='ocrx_word' id='word_1_177' title='bbox 968 3722 1263 3823; x_wconf 87' lang='lat' dir='ltr'>disciplinamque</span> <span class='ocrx_word' id='word_1_178' title='bbox 1280 3751 1354 3799; x_wconf 84' lang='lat' dir='ltr'>ma-</span> 
     </span>
     <span class='ocr_line' id='line_1_27' title="bbox 373 3843 1354 3948; baseline -0.006 -24"><span class='ocrx_word' id='word_1_179' title='bbox 373 3863 397 3897; x_wconf 90' lang='lat'><strong>“</strong></span> <span class='ocrx_word' id='word_1_180' title='bbox 408 3851 530 3948; x_wconf 87' lang='lat' dir='ltr'>jorum</span> <span class='ocrx_word' id='word_1_181' title='bbox 554 3851 587 3920; x_wconf 76' lang='lat' dir='ltr'>tc</span> <span class='ocrx_word' id='word_1_182' title='bbox 606 3871 740 3920; x_wconf 89' lang='lat' dir='ltr'>numen</span> <span class='ocrx_word' id='word_1_183' title='bbox 755 3846 931 3933; x_wconf 89' lang='lat' dir='ltr'>Deorum,</span> <span class='ocrx_word' id='word_1_184' title='bbox 962 3843 1066 3920; x_wconf 91' lang='lat' dir='ltr'>ausus</span> <span class='ocrx_word' id='word_1_185' title='bbox 1092 3872 1129 3918; x_wconf 86' lang='lat' dir='ltr'>es</span> <span class='ocrx_word' id='word_1_186' title='bbox 1151 3871 1236 3920; x_wconf 92' lang='lat' dir='ltr'>cum</span> <span class='ocrx_word' id='word_1_187' title='bbox 1255 3844 1354 3920; x_wconf 88' lang='lat' dir='ltr'>hoste</span> 
     </span>
     <span class='ocr_line' id='line_1_28' title="bbox 373 3963 1354 4067; baseline -0.006 -23"><span class='ocrx_word' id='word_1_188' title='bbox 373 3983 397 4016; x_wconf 78' lang='lat'>‘⁶</span> <span class='ocrx_word' id='word_1_189' title='bbox 416 3968 619 4067; x_wconf 86' lang='lat' dir='ltr'>confligere.</span> <span class='ocrx_word' id='word_1_190' title='bbox 670 3966 732 4040; x_wconf 90' lang='lat' dir='ltr'>Ad</span> <span class='ocrx_word' id='word_1_191' title='bbox 748 3967 850 4052; x_wconf 87' lang='lat' dir='ltr'>haec,</span> <span class='ocrx_word' id='word_1_192' title='bbox 877 3989 969 4062; x_wconf 86' lang='lat' dir='ltr'>quae</span> <span class='ocrx_word' id='word_1_193' title='bbox 983 3963 1215 4065; x_wconf 84' lang='lat' dir='ltr'>interrogatus</span> <span class='ocrx_word' id='word_1_194' title='bbox 1230 3993 1281 4054; x_wconf 90' lang='lat' dir='ltr'>es,</span> <span class='ocrx_word' id='word_1_195' title='bbox 1300 3991 1354 4040; x_wconf 87' lang='lat' dir='ltr'>re·</span> 
     </span>
     <span class='ocr_line' id='line_1_29' title="bbox 371 4086 1351 4188; baseline -0.001 -25"><span class='ocrx_word' id='word_1_196' title='bbox 371 4103 396 4135; x_wconf 77' lang='lat'>‘⁶</span> <span class='ocrx_word' id='word_1_197' title='bbox 414 4087 559 4188; x_wconf 89' lang='lat' dir='ltr'>sponde.</span> <span class='ocrx_word' id='word_1_198' title='bbox 611 4087 721 4161; x_wconf 86' lang='lat' dir='ltr'>Extra</span> <span class='ocrx_word' id='word_1_199' title='bbox 737 4110 791 4174; x_wconf 90' lang='lat' dir='ltr'>ea,</span> <span class='ocrx_word' id='word_1_200' title='bbox 822 4111 922 4174; x_wconf 86' lang='lat' dir='ltr'>cave,</span> <span class='ocrx_word' id='word_1_201' title='bbox 955 4111 1081 4162; x_wconf 82' lang='lat' dir='ltr'>vocem</span> <span class='ocrx_word' id='word_1_202' title='bbox 1097 4086 1227 4162; x_wconf 88' lang='lat' dir='ltr'>mittas.</span> <span class='ocrx_word' id='word_1_203' title='bbox 1280 4091 1351 4162; x_wconf 88' lang='lat' dir='ltr'>Ac-</span> 
     </span>
    </p>
   </div>
   <div class='ocr_carea' id='block_1_3' title="bbox 0 0 1538 5342">
    <p class='ocr_par' dir='ltr' id='par_1_3' title="bbox 0 0 1538 5342">
     <span class='ocr_line' id='line_1_30' title="bbox 0 0 1538 5342; baseline 0 3"><span class='ocrx_word' id='word_1_204' title='bbox 0 0 1538 5342; x_wconf 95' lang='lat' dir='ltr'> </span> 
     </span>
    </p>
   </div>
  </div>
 </body>
</html>
