3067 5342
357 562 377 632 8
662 559 973 634 T.Lrv11

357 743 382 775 ‘⁴
401 731 650 830 magistratus.'’
699 735 803 808 Haec
833 733 983 832 taliaque
1012 730 1237 808 vociferantes
1268 735 1329 808 ad-

355 849 540 924 versarium
557 853 651 925 haud
665 851 820 950 inparem
836 852 928 926 nadli
944 852 1024 927 sunt
1037 857 1107 951 Ap.
1124 852 1330 941 Claudium,

356 970 517 1048 relietum
536 997 557 1042 a
582 970 724 1070 collegis
747 973 793 1045 ad
809 971 1012 1048 tribunicias
1029 971 1214 1046 seditiones
1233 998 1331 1046 com·

356 1089 573 1188 primendas3
604 1091 720 1164 vinrm
736 1089 904 1165 inbutum
914 1091 989 1186 jam
1004 1093 1049 1166 ab
1064 1093 1212 1187 juventa
1224 1111 1331 1165 certa-

357 1208 513 1283 minibus
543 1209 701 1308 plebejis:
730 1235 839 1307 quem
868 1213 1047 1284 auctorem
1071 1211 1208 1309 aliquot
1232 1209 1332 1286 annis

356 1351 435 1402 ante
469 1327 568 1402 fuisse
595 1349 829 1402 memoratum
854 1329 917 1415 est,
951 1353 1012 1426 per
1037 1331 1251 1428 collegarum
1278 1330 1331 1404 in-

357 1451 604 1538 tercessronem,
632 1447 840 1523 tribuniciae
856 1447 1032 1546 potestatis
1048 1448 1295 1526 dissolvendae.

406 1567 469 1642 III.
495 1568 527 1641 Is
553 1590 630 1641 tum
641 1568 729 1664 jam,
752 1549 824 1644 non
841 1588 998 1666 promtus
1015 1566 1159 1666 ingenio
1181 1589 1331 1658 tantum,

357 1686 416 1760 sed
429 1685 493 1760 usu
515 1686 620 1761 etiam
640 1687 859 1775 exercitatus,
889 1689 993 1761 talem
1010 1687 1202 1762 orationem
1221 1690 1333 1765 habu·

358 1805 401 1879 it:
429 1817 454 1849 “
473 1805 508 1880 Si
527 1833 699 1905 umquam
716 1806 919 1882 dubitatum
936 1807 998 1894 est,
1021 1807 1191 1906 Qrirites,
1213 1829 1334 1884 utrum

360 1925 535 1999 “tribuni
555 1925 666 2024 plebis
685 1926 806 2014 vestra,
832 1953 876 2000 an
899 1925 969 2014 sua,
993 1929 1105 2000 caussa
1120 1924 1333 2002 seditionum

360 2056 384 2088 ‘⁴
402 2044 534 2142 semper
551 2048 706 2119 auslores
722 2043 865 2133 fuerint,
899 2045 937 2118 id
954 2071 1022 2144 ego
1038 2047 1106 2119 hoc
1124 2073 1218 2120 anno
1234 2047 1333 2122 defis-

360 2163 436 2238 “se
462 2163 615 2238 dubitari
645 2185 781 2240 certum
811 2167 934 2239 haben.
991 2167 1039 2238 Et
1072 2191 1185 2263 quum
1203 2169 1332 2255 laetor,

361 2286 547 2357 “tandem
574 2283 671 2384 longi
694 2282 814 2357 erroris
839 2282 939 2359 vobis
961 2285 1074 2356 -finem
1096 2283 1228 2358 factum
1254 2288 1335 2373 effe,

361 2413 386 2445 “
405 2423 495 2492 tum,
534 2405 633 2500 quod
661 2402 822 2476 secundis
851 2402 1065 2500 potissmum
1093 2403 1210 2479 vestris
1233 2409 1335 2480 rebus

363 2531 387 2564 “
406 2521 464 2595 hic
491 2547 582 2596 error
610 2521 660 2596 est
685 2521 851 2609 sublatus,
876 2525 910 2595 δι
927 2520 1041 2608 vobis,
1066 2527 1256 2621 &propter
1274 2527 1336 2597 vos

364 2640 616 2739 “reipublicae
629 2643 792 2740 gratulor.
835 2645 896 2714 An
907 2640 957 2714 est
967 2639 1166 2742 quisquam,
1189 2643 1254 2740 qui
1268 2644 1335 2716 du·

365 2771 389 2804 “
408 2761 508 2851 bitet,
542 2762 647 2836 nullis
672 2761 807 2858 injuriis
838 2761 968 2849 vestris,
996 2765 1020 2840 sr
1046 2787 1136 2859 quae
1161 2759 1249 2835 sorte
1273 2761 1335 2835 ali·

362 2891 387 2924 “
406 2883 550 2978 quando
567 2881 721 2970 suerunt,
744 2907 916 2980 umquam
929 2907 1053 2980 aeque,
1074 2906 1181 2979 quam
1191 2907 1336 2958 munere

362 3011 387 3043 “
406 3003 549 3074 Parrum
563 3000 599 3074 in
610 3003 763 3099 plebem,
787 3027 900 3100 quum
913 3027 989 3074 aera
1004 2999 1236 3091 militantibus
1252 3025 1335 3078 con·
1374 3103 1376 3106 Ι

362 3131 387 3162 “
404 3111 524 3194 stituta
544 3118 637 3207 sunt,
664 3119 823 3195 tribunos
848 3121 959 3219 plebis
985 3118 1145 3195 obsensos
1160 3146 1200 3194 ac
1217 3118 1336 3193 conci-

362 3249 388 3281 “
407 3257 493 3311 tatos
520 3240 612 3312 effe?
647 3239 737 3337 quid
769 3238 847 3314 illos
871 3241 969 3315 aliud
994 3262 1055 3314 aut
1082 3260 1161 3313 turn
1185 3237 1337 3313 timuisse

363 3367 388 3453 l‘
407 3356 560 3446 creditis,
593 3380 653 3433 aut
673 3357 782 3432 hodie
808 3362 943 3434 turbare
972 3361 1073 3446 velle,
1105 3356 1168 3431 nisr
1193 3383 1337 3434 concor·

363 3471 388 3518 l‘
407 3475 502 3548 diam
519 3476 699 3566 ordinum,
727 3502 836 3575 quam
853 3477 1086 3551 dissolvendae
1108 3476 1263 3552 maxime
1277 3477 1337 3552 tri-

362 3605 387 3638 “
406 3593 569 3669 buniciae
598 3596 773 3694 potestatis
797 3618 916 3670 rentur
941 3598 1029 3670 esse?
1078 3596 1149 3684 sic,
1182 3600 1335 3688 hercule,

361 3726 386 3758 “
405 3736 585 3814 tamquam
600 3715 746 3790 artifices
764 3715 916 3814 inprobi,
936 3742 1024 3814 opus
1046 3738 1237 3814 quaerunt:
1272 3717 1336 3816 qui

362 3837 388 3876 “
405 3838 439 3907 lle
456 3825 589 3932 semper
604 3834 696 3934 aegri
711 3835 847 3933 aliquid
864 3837 929 3909 esse
950 3835 988 3907 in
1000 3835 1180 3932 republica
1198 3837 1335 3924 volunt,

361 3961 386 4000 ‘⁸
404 3973 446 4030 ut
470 3957 521 4046 fit,
544 3955 589 4028 ad
606 3955 704 4052 cujus
721 3953 1082 4033 curationemavobis
1094 3955 1336 4035 adhibeantur.
