3067 5342
474 698 821 775 Lraean
1082 700 1151 798 fig

176 872 336 946 auderes
358 869 448 946 sunt.
498 875 547 946 Et
578 871 648 947 fuit
678 871 733 947 vir
762 873 861 947 haud
888 869 999 947 dubie
1023 869 1154 972 dignus

176 991 277 1066 omni
294 991 421 1067 bellica
435 993 553 1079 laude,
587 1019 660 1067 non
676 991 787 1067 animi
804 990 917 1066 solum
937 989 1071 1090 vigore,
1094 990 1154 1067 sed

179 1110 287 1184 etiam
304 1109 458 1209 corporis
485 1110 620 1186 viribus
642 1113 828 1187 excellens.
877 1109 1071 1206 Praecipua
1095 1135 1155 1208 pe-

176 1232 266 1304 dum
283 1229 470 1329 pernicitas
485 1230 609 1319 inerat,
639 1255 731 1329 quae
746 1256 947 1330 cognomen
969 1228 1077 1308 etiam
1091 1231 1153 1304 de·

176 1350 252 1424 dit:
283 1350 525 1448 victoremque
548 1348 651 1426 cursu
670 1350 839 1430 omnium
856 1349 974 1424 aetatis
994 1348 1074 1424 suae
1097 1348 1154 1424 fu-

177 1468 239 1544 iffe
264 1468 399 1546 semntz
428 1473 469 1544 ἃ
497 1469 557 1544 seu
583 1468 716 1544 virium
737 1469 788 1558 vi,
818 1468 877 1544 seu
905 1468 1154 1544 exercitatione

175 1591 304 1677 multa,
331 1588 404 1664 cibi
420 1587 569 1688 vinique
585 1591 756 1664 eumdem
777 1587 1054 1687 capaciffimum=
1088 1615 1154 1664 nec

176 1734 264 1783 cum
279 1708 355 1781 ullo
378 1705 585 1804 asperiorem
616 1706 719 1806 (quia
740 1706 813 1805 ipse
839 1707 963 1782 invicti
989 1709 1036 1784 ad
1059 1709 1155 1786 labo·

176 1854 252 1902 rem
269 1826 421 1926 corporis
443 1829 540 1921 effet)
570 1825 671 1901 fuiffe
696 1825 862 1903 militiam
890 1826 1003 1926 pediti
1028 1826 1156 1927 pariter

176 1946 373 2047 equitique.
425 1945 575 2045 Equites
594 1944 700 2021 etiam
721 1945 913 2046 aliquando
930 1946 1028 2022 ausos
1050 1950 1156 2022 abeo

179 2088 310 2166 petere,
337 2085 379 2140 ut
394 2064 457 2141 fibi
473 2091 539 2163 pro
565 2093 601 2140 re
627 2068 718 2140 bene
745 2065 840 2165 gesta
865 2068 996 2141 laxaret
1018 2065 1156 2167 aliquid

177 2185 329 2262 laboris:
364 2184 498 2283 quibus
521 2185 593 2273 ille,
625 2195 651 2230 “
669 2188 729 2260 Ne
745 2185 835 2260 nihil
860 2184 1039 2260 remiffum
1059 2183 1155 2260 dica·

178 2317 204 2351 “
222 2305 280 2396 ris,
306 2304 486 2394 remitto‚''
517 2303 650 2402 inquit,
684 2315 709 2348 “
728 2331 773 2378 ne
789 2303 915 2403 utique
933 2303 1077 2380 dorsum
1093 2306 1155 2379 de·

180 2437 205 2472 “
224 2423 422 2515 mulceatis,
456 2438 573 2536 qpp'm
600 2450 645 2498 ex
671 2423 773 2523 equis
806 2423 1058 2499 descendetis.''
1108 2427 1156 2500 Et

177 2545 232 2620 vis
247 2565 320 2620 erat
335 2544 374 2618 in
389 2570 432 2620 eo
445 2543 522 2620 viio
546 2541 687 2640 imperii
704 2542 829 2642 ingens
845 2544 972 2640 pariter
987 2543 1025 2618 in
1044 2543 1155 2621 socios

177 2663 352 2764 civesque.
402 2663 645 2738 Praenestinus
667 2682 803 2759 praetor
821 2688 884 2759 per
899 2661 1064 2738 timorem
1080 2663 1154 2764 seg·

177 2784 259 2858 nius
275 2811 320 2860 ex
337 2781 496 2858 sublidiis
512 2780 591 2856 suos
618 2783 766 2856 duxerat
792 2781 830 2857 in
857 2781 1008 2882 primam
1029 2782 1154 2860 aciem.

177 2909 300 3004 Qrem
317 2929 433 3001 quum
449 2902 673 2976 inambulans
698 2922 779 2975 ante
805 2904 1072 2979 tabernaculum
1094 2931 1155 2979 vo

150 3097 153 3102 ,
178 3023 250 3100 cari
276 3024 433 3120 juffiffet,
464 3021 625 3096 lictorem
663 3019 831 3119 expedire
863 3019 1013 3098 securim
1047 3024 1154 3120 julfit.

111 3129 123 3143 ⁴
178 3145 242 3218 Ad
275 3167 386 3242 quam
423 3168 551 3217 vocem
588 3139 745 3216 exanimi
776 3139 884 3216 stante
918 3140 1155 3230 Praenestino,

180 3274 206 3308 “
225 3265 412 3361 Agedum,
447 3261 562 3350 lictor,
598 3259 724 3335 excide
749 3259 905 3334 radicem
930 3263 1058 3349 hanc,''
1101 3258 1156 3336 in-

179 3381 272 3479 quit,
300 3380 611 3455 “incommodam
628 3379 933 3455 ambulantibus:”
961 3377 1156 3477 perfusum-

181 3527 252 3600 que
271 3499 390 3576 ultimi
407 3499 570 3598 supplicii
596 3520 709 3586 metu,
739 3499 856 3573 multa
878 3497 985 3586 dista,
1015 3498 1156 3577 dimifit.

178 3621 295 3696 Haud
310 3619 421 3696 dubie
444 3619 504 3692 illa
521 3635 644 3708 aetate,
670 3643 742 3716 qua
765 3619 862 3692 nulla
876 3617 1050 3692 virtutum
1069 3618 1156 3695 fera-

180 3738 255 3815 cior
270 3739 352 3826 fuit,
379 3765 485 3812 nemo
510 3762 605 3812 unus
629 3758 702 3813 erat
726 3736 793 3825 vir,
819 3763 892 3836 quo
918 3737 1029 3837 magis
1046 3737 1157 3814 innisa

180 3884 233 3934 res
259 3863 425 3935 Romana
449 3858 562 3932 staret.
610 3857 712 3959 Qrin
735 3883 819 3932 eum
841 3883 961 3956 parem
983 3857 1157 3934 destinant

180 3978 308 4056 animis
331 3981 472 4076 Magno
494 3977 699 4052 Alexandro
722 3977 867 4066 ducem,
893 3981 916 4051 sr
942 4003 1049 4068 arma,
1075 3982 1156 4055 Asia

178 4094 388 4195 perdomita,
414 4095 452 4169 in
470 4098 653 4194 Europam
665 4095 827 4171 vertiffet.
