3067 5342
476 693 711 765 nnn-r
763 649 916 764 vn
1090 717 1159 790 243

171 865 389 966 pedimentis
422 867 612 942 castromm
645 867 764 942 valido
801 865 982 966 praesidio,
1030 865 1159 962 raptim

157 988 290 1088 'agitur
302 1009 450 1086 agment
485 1013 551 1062 nec
566 989 691 1086 procul
704 991 749 1062 ab
765 987 864 1060 hoste
881 988 1003 1060 locum
1020 987 1158 1085 pereni*

170 1135 288 1210 guum
316 1112 373 1204 (ut
392 1106 536 1205 quibus,
566 1128 706 1205 praeter*
725 1130 849 1204 equos,
883 1125 1080 1180 ceterorum
1096 1107 1156 1202 ju-

170 1238 376 1302 mentorum
400 1229 640 1324 calonumque
662 1229 766 1302 turba
788 1227 930 1319 abeffet)
960 1223 1076 1300 castris
1101 1253 1159 1301 ce·
1185 1291 1189 1300 .

170 1349 239 1449 pit.
289 1338 502 1422 samnitium
526 1345 711 1434 exercitus,
740 1348 838 1420 velut
854 1347 952 1440 haud
968 1345 1041 1418 ulla
1063 1367 1160 1421 mora

169 1493 315 1568 pugnae
331 1467 452 1541 sutura
467 1470 561 1554 effer,
579 1465 692 1541 aciem
710 1464 868 1539 instruitt
897 1463 1040 1552 deinde,
1064 1465 1157 1561 post·

173 1588 287 1688 quarn
314 1604 422 1662 nemo
448 1586 575 1662 obvius
601 1585 686 1673 ibat,
712 1583 843 1661 infestis
860 1583 963 1684 signis
989 1586 1035 1657 ad
1054 1584 1162 1658 eastra

169 1707 331 1783 hostium
357 1704 527 1781 succedit.
576 1701 631 1781 Ibi
649 1726 690 1789 ut
712 1703 864 1800 militem
888 1702 926 1777 in
943 1705 1035 1778 vallo
1054 1701 1160 1792 vidit,

169 1827 336 1925 miliique
351 1830 397 1902 ab
413 1823 513 1900 omni
530 1848 624 1923 parte
641 1823 876 1923 exploratum,
905 1845 1015 1921 quam
1032 1821 1069 1896 in
1083 1821 1157 1896 exi-

170 1973 289 2046 guum
316 1950 440 2021 orbem
466 1947 642 2025 contracta
668 1944 775 2018 castra
797 1946 917 2032 elsent,
945 1943 1158 2042 paucitatem
1271 2039 1276 2048 ι

173 2067 261 2141 inde
297 2065 453 2139 hostium
492 2063 710 2162 colligentes,
739 2065 970 2150 1retulemnt3
1014 2064 1159 2138 fremere

172 2184 293 2261 omnis
308 2181 413 2271 acies,
436 2185 665 2282 complendas
691 2186 757 2256 effe
785 2183 884 2258 foffas
908 2183 1160 2260 scindendum-

172 2331 246 2405 que
268 2306 418 2392 vallum,
445 2308 478 2377 δι
505 2300 543 2376 in
570 2303 678 2376 castra
705 2301 996 2399 inrumpendum.
1046 2307 1161 2379 Tran-

173 2424 384 2522 factumque
409 2450 450 2497 ea
477 2422 670 2497 temeritate
695 2425 830 2497 bellum
856 2423 958 2512 foret,
989 2425 1026 2498 ni
1052 2425 1160 2498 duces

173 2543 426 2620 continuiffent
454 2544 618 2643 inpetum
644 2542 815 2618 militum.
865 2547 1048 2631 Ceterum,
1075 2544 1161 2642 quia

174 2663 373 2738 multitudo
400 2663 461 2738 sua
489 2663 746 2739 commeatibus
775 2662 900 2762 gravis,
929 2667 963 2736 ἃ
989 2661 1086 2761 prius
1110 2660 1159 2736 se·

176 2784 298 2858 dendo
330 2785 377 2857 ad
404 2786 611 2872 Suefftrlam,
646 2788 680 2858 δι
714 2805 793 2857 tum
823 2781 1022 2858 certaminis
1048 2809 1158 2870 mora,

175 2903 274 2976 haud
295 2905 420 3001 procul
437 2907 481 2978 ab
499 2929 617 2977 rerum
632 2902 797 2977 omnium
814 2901 935 3000 inopia
950 2905 1058 2990 effer,
1087 2907 1163 3002 pla·

176 3019 266 3109 cuit,
295 3023 386 3096 dum
413 3021 568 3096 inclusus
594 3041 734 3119 paveret
757 3021 877 3109 hostis,
906 3021 1162 3097 fnrmentatum

176 3166 240 3238 per
264 3167 365 3240 agros
393 3140 545 3214 militem
575 3141 674 3215 duci.
731 3139 879 3216 Interim
912 3143 946 3215 δι
978 3144 1161 3231 Romano,

178 3259 242 3358 qui
266 3260 468 3357 expeditus,
495 3282 671 3357 quantum
694 3261 850 3336 humeris
872 3260 962 3335 inter
978 3287 1073 3336 arma
1089 3261 1162 3360 geri

177 3381 287 3478 poffet
303 3379 488 3468 frumenti,
508 3378 627 3454 secum
644 3379 832 3468 adtuliffet,
851 3381 1016 3458 defutura
1032 3383 1162 3460 omnia.

179 3497 313 3574 Consul
339 3501 471 3597 palatos
504 3526 566 3598 per
595 3525 696 3599 agros
721 3525 836 3598 quum
864 3502 1005 3577 vidiffet
1034 3502 1162 3589 hostes,

180 3618 345 3693 stationes
385 3618 625 3718 infrequentes
663 3618 812 3708 relictas,
868 3623 987 3718 paucis
1034 3622 1164 3696 milites

179 3741 396 3826 adhortatus,
423 3739 469 3812 ad
500 3737 607 3813 castra
631 3741 874 3838 obpugnanda
899 3741 1011 3814 ducit.
1060 3744 1163 3841 Qrae

180 3885 294 3958 quum
319 3858 437 3956 primo
463 3861 614 3934 clamore
633 3880 739 3956 atque
762 3858 885 3956 inpetu
903 3843 1056 3956 cepilset,
1085 3859 1164 3958 plu-

181 3977 279 4054 ribus
302 3978 460 4054 hostium
485 3977 523 4054 in
552 3978 711 4052 tentoriis
734 3977 817 4066 suis,
852 4004 961 4076 quam
991 3977 1029 4052 in
1056 3978 1166 4076 portis

180 4099 357 4197 valloque,
390 4103 506 4188 caesis,
538 4101 634 4198 ligna
662 4098 802 4196 captiva
831 4097 870 4172 in
900 4124 1015 4172 unum
1045 4101 1165 4172 locum
