3067 5342
356 715 403 787 ⁶0
714 711 761 786 T.
811 713 1007 784 L1v11

356 895 381 930 ‘⁸
400 911 485 984 pore
513 884 723 960 defiderium
747 884 797 960 sui
822 883 955 960 civitati
979 883 1134 983 ingratae
1152 879 1342 958 facerent.”

353 1005 490 1080 Absens
507 1004 716 1104 quindecim
731 1004 890 1080 millibus
902 1003 1016 1104 gravis
1028 1003 1115 1078 aeris
1131 1006 1333 1080 damnatur.

402 1127 579 1200 XXXIII.
614 1124 773 1223 Expulso
789 1125 880 1214 cive,
906 1150 981 1224 quo
994 1145 1172 1212 manente,
1189 1128 1213 1198 sr
1230 1126 1339 1224 quid·

352 1271 461 1343 quam
479 1248 716 1320 humanorum
734 1245 818 1320 certi
832 1245 896 1332 est,
913 1243 990 1342 capi
1007 1245 1129 1318 Roma
1141 1271 1214 1320 non
1232 1267 1340 1342 potu-

352 1387 440 1452 erat;
458 1367 667 1438 adventante
679 1363 773 1438 fatali
782 1364 863 1440 urbi
880 1367 993 1452 clade,
1011 1365 1117 1464 legati
1130 1369 1175 1439 ab
1185 1365 1341 1440 Clufinis

351 1483 513 1572 veniunt,
527 1483 701 1558 auxilium
712 1483 875 1558 adversus
890 1486 1013 1559 Gallos
1022 1506 1191 1583 petentes.
1243 1487 1338 1559 Earn

351 1627 493 1708 gentem
509 1604 655 1678 traditur
672 1602 778 1692 sarna,
797 1605 987 1678 dulcedine
1002 1604 1147 1703 frugum
1164 1604 1337 1678 maxime·

351 1753 421 1826 que
438 1723 527 1812 vini,
541 1750 633 1798 nova
645 1725 928 1821 tumvoluptate,
946 1747 1098 1822 captam,
1116 1725 1227 1822 Alpes
1243 1745 1335 1797 tran-

351 1849 434 1934 srlse,
464 1844 634 1944 agrosque
651 1848 696 1918 ab
715 1843 870 1920 Etruscis
887 1867 968 1918 ante
992 1847 1108 1919 cultos
1130 1843 1334 1943 possedisse:

350 1971 384 2040 dc
414 1964 580 2038 invexisse
607 1965 645 2037 in
671 1965 824 2039 Galliam
842 1964 969 2039 vinum
986 1963 1197 2038 inliciendae
1219 1961 1335 2064 gentis

350 2087 465 2160 caussa
476 2091 656 2159 Aruntem
670 2086 868 2173 Clusrnum,
887 2084 936 2158 ira
952 2107 1135 2182 corruptae
1151 2084 1273 2158 uxoris
1288 2087 1335 2159 ab

350 2209 580 2292 Lucumone,
610 2203 670 2278 cui
694 2226 790 2278 tutor
809 2205 838 2279 is
861 2205 975 2279 fuerat
996 2204 1081 2302 ipse,
1108 2226 1336 2304 praepotente
1484 2237 1489 2243 ·

344 2325 490 2422 juvene,
517 2329 550 2397 δι
574 2349 595 2396 a
619 2351 692 2420 quo
715 2325 833 2422 expeti
857 2353 1004 2423 poenae,
1032 2326 1094 2399 nifi
1114 2347 1258 2400 externa
1279 2323 1334 2399 vis

349 2448 499 2544 quaefita
529 2445 623 2531 effet,
665 2444 864 2542 nequirent.
926 2447 1042 2520 Hunc
1075 2443 1334 2521 transeuntibus

347 2566 458 2662 Alpes
479 2565 625 2651 ducem,
651 2567 902 2663 sudoremque
916 2567 1075 2639 Clufium
1098 2565 1335 2665 obpugnandi

345 2683 458 2760 fuisse.
506 2683 689 2782 Equidem
707 2685 803 2758 haud
816 2684 1015 2773 abnuerim,
1033 2688 1193 2760 Clusium
1210 2688 1334 2761 Gallos

346 2807 392 2879 ab
403 2809 555 2890 Arunte,
566 2802 624 2878 seu
636 2830 710 2902 quo
721 2803 790 2877 alio
800 2806 956 2894 Clusino,
967 2808 1161 2881 adductos:
1181 2805 1242 2880 sed
1256 2831 1330 2894 eos,

347 2923 411 3023 qui
425 2923 708 3024 obpugnaverint
724 2926 898 3014 Clusium,
916 2953 988 3000 non
1006 2927 1119 3016 fuisse,
1143 2925 1209 3026 qui
1223 2923 1333 3023 primi

350 3047 462 3143 Alpes
483 3043 685 3133 transierint,
708 3045 788 3119 satis
805 3047 950 3121 constat.
1006 3048 1182 3122 Ducentis
1196 3047 1333 3146 quippe

345 3163 446 3240 annis
473 3185 566 3252 ante,
597 3191 706 3262 quam
724 3168 884 3240 Clusium
901 3171 1162 3267 obpugnarent,
1187 3171 1331 3242 urbem·

345 3313 416 3386 que
433 3289 591 3359 Romam
607 3306 784 3383 caperent,
803 3285 840 3360 in
851 3287 989 3361 Italiam
1004 3288 1098 3362 Galli
1109 3287 1332 3363 transcende-

347 3427 444 3480 runt:
465 3431 530 3478 nec
548 3405 697 3478 cumbis
711 3405 867 3502 primum
880 3408 1122 3498 Etruscorum,
1138 3407 1198 3483 sed
1214 3409 1332 3481 multo

344 3547 519 3599 antecum
537 3523 592 3611 iis,
611 3525 674 3622 qui
689 3525 779 3600 inter
788 3528 1024 3625 Apenninum
1036 3528 1216 3628 Alpesque
1227 3527 1327 3602 inco·

344 3651 477 3734 lebant,
495 3644 593 3744 saepe
611 3646 785 3720 exercitus
803 3648 932 3722 Gallici
949 3675 1160 3748 pugnavere.
1192 3647 1330 3723 Tusco·

344 3795 424 3842 rum
440 3788 519 3842 ante
537 3769 746 3841 Romanum
767 3766 960 3866 imperium
979 3772 1047 3842 late
1064 3791 1151 3844 terra
1167 3768 1328 3866 marique

343 3915 426 3988 opes
443 3909 596 3987 patuere.
647 3887 743 3962 Mari
760 3887 885 3986 supero
895 3887 1094 3988 inferoque,
1106 3890 1240 3987 quibus
1257 3891 1328 3962 lta·

344 4010 391 4084 lia
424 4008 555 4083 insulae
588 4011 698 4083 modo
724 4007 894 4108 cingitur,
928 4031 1105 4109 quantum
1131 4008 1326 4110 potuerint,

346 4129 491 4206 nomina
514 4128 594 4204 sunt
620 4152 852 4230 argument03
880 4132 981 4231 quod
998 4133 1147 4206 alterum
1164 4129 1328 4207 Tuscum
