3067 5342
395 661 440 734 32
728 637 1045 712 T.L1v11

393 820 419 853 “
439 808 563 885 divino
581 807 703 908 spiritu
721 810 920 900 instinstus,
950 837 992 886 ea
1017 811 1050 885 se
1077 835 1157 897 nec,
1183 832 1226 885 ut
1242 809 1381 886 indiPta

394 939 420 973 “
439 933 515 1017 smt,
545 956 705 1005 revocare
728 933 823 1030 posse
831 965 842 1020 3
872 937 906 1006 δι
924 933 1076 1006 tacendo
1100 930 1253 1019 sorsrtan,
1284 958 1380 1030 quae

392 1049 501 1124 “Dii
537 1050 737 1126 inmortales
766 1051 903 1151 vulgari
936 1051 1062 1140 velint,
1105 1051 1205 1125 haud
1238 1051 1379 1142 minus,

393 1182 418 1214 “
438 1195 548 1270 quam
579 1173 726 1245 celanda
755 1173 910 1260 effando,
957 1171 1054 1246 nefas
1083 1170 1257 1247 contrahi.
1317 1171 1379 1247 Sic

393 1290 546 1390 “igitur
578 1291 677 1366 libris
706 1291 885 1380 fatalibus,
928 1296 971 1366 src
1004 1290 1193 1389 disciplina
1227 1290 1380 1367 Etrusca

393 1411 607 1488 “traditum
634 1414 713 1500 effe,
745 1434 787 1487 ut
814 1413 961 1509 quando
989 1437 1083 1509 aqua
1099 1412 1241 1486 Albana
1262 1413 1378 1486 abun-

393 1543 418 1576 “
437 1533 558 1619 daffet,
593 1553 686 1621 tum,
725 1535 748 1606 sr
781 1559 860 1607 eam
887 1534 1075 1606 Romanus
1105 1531 1170 1606 rite
1201 1529 1376 1620 emisrlset,

392 1663 417 1698 “
436 1651 620 1728 vidoriam
650 1654 695 1727 de
722 1651 931 1749 Vejentibus
964 1650 1051 1725 dari.
1102 1656 1310 1748 Antequam
1337 1649 1378 1725 id

392 1784 417 1818 “
436 1775 510 1862 fiat,
546 1776 643 1852 Deos
677 1770 820 1848 moenia
846 1771 1051 1868 Vejentium
1078 1769 1273 1846 deserturos
1300 1797 1377 1845 non

391 1905 416 1938 “
435 1895 537 1968 effe.”
588 1893 857 1992 Exsequebatur
882 1891 980 1980 inde,
1011 1917 1103 1990 quae
1117 1890 1295 1966 sollemnis
1312 1893 1376 1966 de-

390 2011 515 2087 rivatio
533 2016 626 2088 esset.
676 2015 746 2088 Sed
772 2015 952 2088 audorem
982 2014 1111 2100 levem,
1144 2039 1210 2088 nec
1238 2011 1318 2086 satis
1333 2013 1376 2086 fi-

389 2135 479 2208 dum
496 2132 599 2231 super
625 2155 720 2207 tanta
745 2160 782 2207 re
809 2137 927 2208 Patres
943 2132 1020 2220 rati,
1047 2135 1245 2220 decrevere,
1277 2133 1373 2232 lega-

390 2273 444 2327 tos
459 2250 634 2352 sortesque
651 2254 784 2328 oraculi
803 2252 945 2352 Pythici
967 2252 1227 2352 exspectandas

438 2375 540 2448 XVI.
574 2372 783 2472 Priusquam
810 2400 831 2447 a
858 2371 1009 2472 Delphis
1031 2394 1183 2448 oratores
1200 2372 1374 2463 redirent,

389 2491 567 2568 Albanive
587 2493 741 2594 prodigii
762 2493 902 2591 piacula
924 2493 1179 2580 invenirentur,
1210 2495 1294 2568 novi
1312 2494 1375 2569 tri·

388 2613 478 2690 buni
490 2612 646 2690 militum
662 2612 833 2689 consulari
850 2613 1032 2712 potestate,
1057 2617 1104 2688 L.
1119 2613 1239 2710 Julius
1251 2617 1375 2710 Julus,

387 2737 434 2810 L.
453 2733 583 2809 Furius
607 2734 836 2808 Medullinus
863 2757 1044 2834 quartum,
1078 2738 1125 2809 L.
1143 2733 1287 2834 Sergius
1311 2735 1375 2810 Fi-

387 2858 508 2943 denas,
548 2860 595 2929 A.
623 2854 827 2928 Postumius
858 2854 1081 2954 Regillensrs,
1116 2857 1157 2928 P.
1186 2857 1375 2930 Cornelius

387 2975 658 3075 Maluginensis,
703 2980 749 3049 A.
785 2975 962 3062 Manlius,
1009 2974 1252 3074 magistratum
1283 2975 1374 3050 inie-

386 3118 479 3170 runt.
532 3100 587 3170 Eo
604 3122 698 3170 anno
716 3094 991 3194 Tarquinienses
1009 3096 1094 3170 novi
1111 3097 1227 3170 hostes
1245 3096 1373 3171 exorti.

385 3216 484 3317 Qria
504 3219 605 3290 simul
628 3215 749 3289 multis
772 3215 885 3304 bellis,
912 3215 1122 3291 Volscorum
1153 3219 1199 3290 ad
1226 3222 1372 3303 Anxur,

386 3335 450 3410 ubi
469 3335 679 3434 praefidium
696 3337 933 3423 obsidebatur,
960 3342 1174 3436 Aequorum
1199 3338 1247 3410 ad
1261 3335 1373 3410 Lavi-

386 3479 459 3541 cos,
494 3453 558 3551 qui
584 3456 788 3529 Romanam
815 3455 866 3532 ibi
894 3457 1071 3531 coloniam
1098 3458 1372 3554 obpugnabant‚

385 3577 431 3649 ad
461 3576 530 3648 hoc
558 3574 697 3670 Vejenti
733 3601 879 3673 quoque
910 3576 1103 3651 &Falisco
1133 3581 1167 3651 δι
1199 3575 1373 3675 Capenati

384 3697 478 3771 bello
512 3718 704 3793 occupatos
737 3695 907 3773 videbant
941 3699 1140 3785 Romanos,
1180 3723 1247 3771 nec
1280 3695 1373 3770 intra

382 3844 503 3892 muros
537 3815 712 3914 quietiora
746 3815 889 3916 negotia
921 3819 988 3890 esse
1019 3815 1273 3892 certaminibus
1303 3819 1370 3890 Pa-

382 3960 479 4012 trum
503 3963 544 4011 ac
574 3935 688 4035 plebis
696 3970 708 4025 3
744 3935 834 4011 inter
862 3940 947 4011 haec
978 3940 1099 4012 locum
1130 3936 1276 4034 injuriae
1302 3937 1370 4010 rati

283 4097 287 4105 ¹
382 4061 462 4147 effe,
498 4060 707 4158 praedatum
740 4055 779 4132 in
805 4084 931 4157 agrurn
962 4061 1173 4134 Romanum
1207 4059 1371 4132 cohortes
