3067 5342
418 705 489 802 386
751 703 1069 778 T.L1vrt

278 861 287 876 ⁸
421 868 597 962 Diclator,
632 871 729 948 urbis
755 877 820 952 fitu
854 873 1121 973 circumspedlm
1148 897 1225 970 quo
1256 870 1391 967 apertior

421 990 540 1066 aditus
563 993 610 1066 ad
637 993 779 1068 moenia
802 997 897 1082 esset',
927 993 1050 1069 omnia
1073 989 1238 1068 aedificia
1265 994 1313 1088 (a
1333 988 1390 1064 sre-

319 1187 328 1200 ,
343 1167 349 1176 .
414 1109 572 1210 'quenter
586 1112 639 1188 ibi
656 1113 893 1208 habitabatur)
906 1092 1148 1221 'eircumjesla
1163 1109 1276 1186 muris
1285 1109 1391 1184 incen-

421 1230 488 1305 dit.
537 1235 618 1318 Nec
635 1221 685 1306 iti
712 1234 828 1308 multo
855 1233 946 1337 post,
971 1237 1039 1320 sive
1064 1259 1085 1308 a
1109 1229 1271 1306 Poetelio
1295 1228 1391 1302 dina-

422 1371 510 1440 tore,
537 1355 604 1426 five
621 1356 669 1428 ab
696 1355 739 1428 C.
762 1349 875 1449 Juni'o
904 1339 1060 1452 cbnsule,·
1089 1357 1191 1449 (nam
1214 1372 1393 1446 utrumque

421 1472 586 1568 traditur)
619 1475 716 1550 Nola
731 1474 782 1549 est
798 1497 909 1572 capta.
959 1472 1036 1574 Qri
1048 1493 1185 1572 captae
1203 1474 1310 1548 decus
1326 1471 1392 1542 No·

422 1593 477 1668 lae
503 1595 559 1698 ad
574 1591 762 1670 'consulem
792 1597 948 1682 trahunt,
981 1592 1170 1689 adjiciunt,
1196 1591 1338 1668 Atinam
1364 1593 1393 1662 ἃ

423 1707 597 1789 Calatiam
627 1716 672 1788 ab
701 1715 830 1788 eodem
861 1735 976 1812 captas
988 1745 1000 1801 3
1044 1711 1248 1787 Poetelium
1273 1731 1391 1795 autern,

421 1831 618 1931 pestilentia
644 1853 732 1922 orta,
774 1833 864 1908 clavi
891 1832 1024 1934 figendi
1058 1835 1175 1918 caussa
1201 1831 1392 1906 didlatorem

422 1950 573 2027 dietum.
623 1955 742 2028 Suell'a
759 1958 793 2028 dr
822 1953 967 2028 Pontiae
984 1954 1114 2028 eodem
1135 1978 1231 2028 anno
1249 1947 1391 2026 coloniae

421 2074 596 2148 deductae
612 2072 703 2148 sunt.
752 2075 871 2148 Sueffa
887 2077 1144 2150 Auruncorum
1161 2072 1293 2150 fueratr
1317 2067 1391 2142 Vol·

422 2193 470 2270 sci
485 2192 642 2282 Pontias,
671 2193 820 2270 insulam
838 2197 934 2268 litam
952 2193 990 2268 in
1007 2191 1200 2290 conspeetu
1213 2191 1319 2272 litoris
1333 2186 1390 2273 sui,

423 2313 653 2388 incoluerant.
705 2316 765 2400 Et,
793 2315 1052 2390 Interamna&
1084 2314 1253 2388 Casinum
1278 2333 1317 2386 ut
1339 2309 1391 2384 de·

423 2432 640 2507 ducerentur
679 2431 854 2522 coloniae,
896 2431 1237 2508 senatusconsultum
1274 2431 1393 2508 factum

422 2551 484 2640 est,
532 2553 603 2628 Sed
625 2551 828 2628 triumviros
850 2579 1022 2642 creavere,
1047 2581 1088 2630 ac
1111 2554 1238 2630 misere
1263 2555 1390 2632 colono

422 2699 505 2751 rum
522 2695 675 2773 quatuor
695 2673 809 2749 millia
824 2671 1046 2772 insequentes
1072 2673 1236 2752 consulet
1261 2677 1316 2750 M.
1331 2672 1389 2744 Va·

421 2793 541 2880 lerius,
566 2797 608 2869 P.
635 2793 782 2870 Decius.

471 2915 614 2988 XXIX.
643 2913 835 3016 Profligato
864 2913 935 2990 fere
962 2915 1178 2993 Samnitium
1206 2917 1310 3003 bello,
1329 2907 1389 3009 pfl

423 3030 573 3130 usquam
587 3059 628 3107 ea
646 3059 732 3109 cura
753 3035 940 3120 decederet
956 3036 1120 3113 Patribus
1137 3035 1321 3121 Romanis,
1349 3031 1389 3104 ll

423 3150 528 3230 trusci
552 3153 636 3236 belli
652 3151 747 3247 fama
762 3177 884 3250 exorta
900 3156 960 3234 est.
1010 3161 1092 3234 Nec
1108 3181 1182 3234 erat
1201 3183 1242 3234 ea
1258 3147 1390 3251 tempes-

423 3293 493 3346 tate
509 3299 596 3372 gena
611 3265 691 3364 alia,
717 3276 817 3373 cujus
833 3275 1030 3354 secundum
1058 3279 1216 3354 Gallicos
1231 3275 1390 3353 tumultus

421 3417 519 3466 anna
533 3391 741 3469 tenibiliora
756 3397 877 3484 effent,
904 3422 1019 3495 quum
1036 3397 1299 3499 propinquitate
1312 3386 1389 3492 agri,

422 3532 502 3586 tum
519 3513 752 3589 multitudine
768 3515 972 3591 hominum.
1020 3518 1158 3616 Itaque,
1186 3521 1292 3594 altero
1315 3535 1390 3589 con·

422 3631 540 3710 sulum
567 3633 606 3708 in
630 3633 775 3710 Samnio
793 3635 958 3734 reliquias
975 3637 1059 3713 belli
1087 3637 1325 3738 persequente,
1353 3633 1388 3704 P.

422 3754 570 3843 Decius,
597 3753 662 3852 qui
679 3753 828 3854 graviter
842 3783 945 3857 aeger
958 3760 1098 3836 Romae
1123 3758 1299 3844 restiterat,
1315 3775 1388 3828 auc·

420 3895 495 3949 tore
511 3874 632 3949 senatu
648 3872 859 3950 didlatorem
875 3879 918 3952 C.
936 3877 1089 3974 Junium
1100 3881 1304 3956 Bubulcum
1319 3871 1388 3947 dix-

419 3993 460 4071 it
509 3998 557 4084 Is,
582 4015 689 4093 prout
714 3994 764 4070 rei
791 3997 1004 4097 magnitudo
1029 3999 1240 4098 postulabat,
1277 4014 1389 4075 omnes

411 4113 572 4212 juniores
601 4113 817 4195 sacramento
843 4115 973 4216 adigit:
1006 4145 1117 4209 arma,
1143 4142 1306 4219 quaeque
1329 4109 1389 4188 alia
