3067 5342
338 661 407 736 3¹2
645 617 983 706 ⁴T.Ltvrr

339 827 393 894 ut,
427 801 524 878 laetis
543 803 619 878 aliis
647 802 797 879 vic'totia
821 823 931 903 parta,
957 801 1210 903 praeseferret
1231 801 1322 876 itam

340 923 597 1022 tristitiamque.
648 923 758 998 Millo
783 923 905 1022 itaque
936 943 1078 1021 tepente
1111 921 1245 1008 senatu,
1286 918 1323 994 se

343 1071 388 1119 ex
415 1043 514 1120 cutia
539 1042 735 1140 proripuit:
770 1066 850 1118 tum
879 1067 976 1131 veto,
1003 1069 1077 1116 nort
1107 1040 1326 1116 Samnitium

342 1162 455 1262 magis
472 1161 641 1262 legiones,
667 1187 777 1260 quam
804 1163 1018 1260 majestatem
1041 1160 1263 1236 dictatoriam
1285 1160 1326 1232 &

343 1282 565 1382 disciplinam
592 1281 794 1371 militarem,
823 1310 846 1356 a
866 1281 1032 1383 magistro
1061 1281 1228 1380 equitum
1249 1279 1326 1354 vic-

344 1409 472 1480 tam&
500 1401 651 1478 eversam
678 1401 857 1492 dictitans,
890 1402 990 1476 stilli
1017 1401 1152 1499 inpune
1173 1398 1329 1499 sptemtn

345 1523 537 1624 imperium
555 1521 682 1596 fuillet.
732 1525 857 1620 ltaque
886 1524 1012 1622 plenus
1038 1521 1218 1596 minatum
1241 1519 1330 1594 irae·

345 1669 431 1744 que,
462 1641 638 1742 profectus
668 1641 705 1716 in
728 1643 847 1730 castra,
879 1670 994 1742 quum
1011 1641 1178 1718 maximis
1194 1640 1331 1716 itineri-

348 1765 416 1838 bus
443 1761 531 1851 iffet,
563 1789 637 1836 non
653 1783 772 1836 tamen
788 1760 990 1860 praevenite
1008 1761 1139 1838 famam
1155 1763 1334 1836 adventus

348 1883 401 1958 sui
424 1883 553 1982 potuit.
603 1886 917 1958 Praecucutrerant
937 1883 1034 1956 enim
1063 1885 1110 1957 ab
1131 1883 1234 1969 urbe,
1266 1880 1334 1978 qui

351 2003 572 2092 nunciarent,
610 2001 818 2077 dictatorem
850 2001 997 2076 avidum
1030 2028 1164 2100 poenae
1196 1999 1333 2088 venire,

350 2123 490 2200 alternis
520 2148 610 2221 pene
640 2120 755 2196 verbis
789 2125 836 2196 T.
859 2120 990 2196 Manlii
1020 2120 1155 2195 factum
1185 2121 1334 2194 laudan-

354 2264 438 2318 tem.
1057 2278 1059 2281 ·

346 2362 349 2368 ’
402 2363 544 2436 XXXI.
571 2360 714 2449 Fabius,
746 2361 919 2438 concione
944 2362 1126 2458 extemplo
1149 2361 1335 2447 advocata,

354 2481 543 2557 obtestatus
566 2481 695 2556 milites
712 2481 774 2569 est,
804 2492 829 2526 “
848 2503 902 2569 ut,
931 2509 1005 2580 qua
1019 2481 1148 2555 virtute
1164 2482 1334 2576 rempub-

355 2591 383 2647 “’
400 2602 505 2677 licam
522 2604 567 2677 ab
581 2599 802 2676 infestiffimis
825 2601 983 2677 hostibus
999 2600 1245 2688 defendissent,
1279 2624 1335 2673 ea-

293 2707 299 2722 ’
357 2723 484 2796 “dem
511 2719 558 2809 se,
588 2721 688 2817 cujus
708 2722 821 2795 duem
844 2720 1071 2820 auspicioque
1087 2721 1259 2807 vicissent,
1290 2721 1337 2793 ab

357 2853 383 2886 “
404 2839 579 2938 inpotenti
597 2840 802 2916 crudelitate
813 2841 993 2942 dictatoris
1009 2862 1216 2916 tutarentur.
1265 2842 1337 2911 Ve-

360 2972 385 3004 “
405 2958 478 3034 nire
502 2982 679 3035 amentem
707 2960 854 3050 invidia,
889 2961 1017 3037 iratum
1050 2960 1173 3038 virtuti
1205 2959 1338 3034 alienae

360 3093 385 3126 “
406 3079 650 3179 felicitatique,
691 3079 817 3168 furere,
865 3083 980 3179 quod,
1022 3081 1055 3155 se
1087 3080 1242 3168 absente,
1285 3107 1338 3154 res

361 3213 387 3246 “
406 3199 551 3300 publica
583 3199 722 3300 egregie
753 3200 848 3299 gesta
870 3203 972 3275 effet:
1004 3203 1122 3288 malle,
1148 3204 1171 3274 li
1202 3221 1339 3274 mutate

361 3333 387 3366 “
406 3320 583 3395 fortunam
601 3321 723 3418 pollet,
752 3321 849 3417 apud
865 3320 1050 3408 Samnites,
1073 3347 1182 3419 quam
1205 3323 1341 3394 Roma-

363 3451 389 3484 “
408 3467 485 3528 nos,
511 3438 693 3514 victoriam
723 3441 801 3514 elle.
850 3440 1044 3539 Imperium
1070 3441 1230 3516 dictitare
1248 3438 1339 3539 spre-

364 3570 389 3603 “
408 3579 500 3646 tum,
533 3579 716 3656 tamquam
740 3585 814 3633 non
830 3561 955 3634 eadem
972 3582 1090 3635 mente
1115 3561 1265 3662 pugnari
1281 3588 1341 3635 ve-

365 3690 391 3724 “
410 3678 529 3766 tuerit,
559 3704 631 3776 qua
647 3702 846 3778 pugnatum
864 3681 1002 3755 doleatt
1037 3685 1071 3754 δι
1097 3703 1184 3756 tunc
1205 3680 1343 3757 invidia

366 3797 570 3897 “inpedire
602 3797 770 3872 virtutem
799 3798 950 3874 alienam
979 3801 1139 3888 voluille,
1166 3801 1343 3902 cupidiffi-

367 3930 393 3963 “
412 3917 549 4016 misque
573 3943 669 3992 arma
696 3919 895 3992 ablaturum
928 3919 1028 3994 fuiffe
1060 3920 1247 4010 militibus,
1285 3949 1344 4010 ne,

368 4049 394 4084 “
410 4037 444 4114 se
466 4037 618 4128 absente,
641 4037 775 4114 moveri
801 4041 953 4140 poffent:
977 4043 1126 4118 &nunc
1150 4041 1190 4118 id
1215 4041 1343 4131 furere,
