3067 5342
488 685 525 760 L
551 711 565 758 1
595 709 615 760 s
645 711 666 760 u
694 709 718 759 n
769 687 868 772 VIII.
1074 711 1144 787 273

162 858 244 943 bus,
261 875 302 928 ut
318 854 628 934 subcenturionem
643 859 719 946 fibi,
737 885 846 956 quem
863 857 980 947 vellet,
994 860 1137 956 legeret,

159 975 223 1074 qui
239 996 410 1051 tutaretur
426 1005 509 1054 eum
528 981 573 1053 ab
589 1004 665 1052 uno
688 977 860 1052 destinato
875 980 985 1053 hoste.
1034 977 1137 1075 Isque

152 1093 309 1191 juvenis,
342 1095 381 1168 in
411 1096 486 1172 acie
519 1099 670 1185 oblatus,
698 1123 742 1170 ex
771 1097 976 1172 centurione
1002 1097 1135 1171 Latino

156 1213 341 1290 vidoriam
358 1214 450 1290 tulit.
479 1222 481 1230 '
501 1220 705 1314 Pugnatum
723 1217 774 1290 est
788 1218 885 1290 haud
903 1218 1027 1314 procul
1043 1210 1135 1290 radi·

156 1331 260 1408 cibus
288 1333 434 1409 Vesuvii
464 1335 608 1424 montis,
639 1360 711 1435 qua
729 1335 788 1409 via
812 1337 858 1409 ad
876 1334 1031 1410 Veserim
1048 1333 1135 1408 fere-

156 1456 227 1527 bat.

205 1574 272 1648 IX.
305 1573 464 1648 Romani
489 1573 647 1650 consules
673 1575 783 1676 prius,
814 1599 922 1673 quarn
945 1576 1136 1648 educerent

155 1692 194 1766 in
224 1693 350 1782 aciem,
385 1694 654 1770 inmolaverunt.
704 1693 821 1770 Decio
845 1715 951 1793 caput
964 1692 1134 1788 jocinoris

154 1837 176 1884 a
204 1810 366 1888 familiari
398 1835 493 1912 parte
519 1814 656 1890 caesum
686 1812 833 1913 aruspex
864 1813 996 1890 dicitur
1021 1813 1134 1888 osten-

154 1931 263 2019 diffe3
289 1932 423 2030 alioqui
440 1955 621 2032 acceptam
645 1934 726 2008 Diis
742 1933 891 2007 hostiam
908 1937 995 2007 effe:
1026 1938 1134 2008 Man-

153 2049 244 2124 lium
267 2051 407 2151 egregie
436 2053 555 2127 litasse.
606 2053 766 2150 “Atqui
794 2056 884 2126 bene
903 2055 1045 2142 habet,''
1078 2054 1131 2128 in·

154 2169 234 2268 quit
258 2169 405 2259 Decius,
441 2176 508 2245 “fi
538 2177 583 2247 ab
610 2174 744 2272 collega
773 2172 913 2246 litatum
943 2172 1026 2246 est.'’
1074 2175 1132 2246 In-

151 2275 302 2380 structis,
337 2294 423 2365 srcut
448 2312 528 2366 ante
556 2291 695 2366 dictum
727 2291 790 2379 est,
825 2291 1023 2378 ordinibus,
1053 2318 1133 2388 pro·

152 2411 277 2484 cessere
295 2409 332 2482 in
353 2409 478 2484 aciem.
529 2409 690 2484 Manlius
714 2414 853 2497 dextro,
883 2410 1019 2485 Decius
1036 2413 1134 2486 laevo

153 2553 264 2604 cornu
291 2551 458 2626 praeerat,
487 2528 603 2626 primo
629 2529 814 2627 utrimque
838 2531 960 2628 aequis
981 2530 1131 2619 viribus,

153 2649 281 2722 eodem
298 2649 420 2722 ardore
450 2647 652 2722 animorum
678 2653 864 2748 gerebatur
894 2676 968 2722 res:
1001 2649 1131 2723 deinde

150 2771 196 2843 ab
219 2769 319 2843 laevo
336 2792 446 2842 cornu
470 2768 592 2842 hastati
610 2768 782 2856 Romani,
813 2795 886 2841 non
903 2767 1052 2841 serentes
1077 2767 1131 2840 in-

150 2889 357 2987 preffionem
380 2885 606 2976 Latinorum,
641 2886 674 2961 se
697 2890 743 2962 ad
764 2887 940 2987 principes
961 2913 1132 2986 recepere.

150 3009 195 3080 In
217 3007 282 3081 hac
307 3004 539 3105 trepidatione
567 3006 702 3081 Decius
719 3006 840 3081 consul
867 3010 925 3082 M.
949 3006 1131 3081 Valerium

152 3151 294 3224 magna.
320 3150 407 3200 voce
450 3124 641 3200 inclamat:
693 3135 718 3169 “
753 3129 953 3214 Deorum,'’
999 3125 1132 3224 inquit,

152 3254 178 3288 ‘⁸
197 3271 276 3342 ope,
327 3245 458 3333 Valeri,
509 3269 599 3342 opus
632 3245 691 3318 est.
742 3246 927 3343 Agedum,
970 3244 1131 3342 pontifex

152 3362 361 3461 “publicus
385 3365 509 3463 populi
527 3363 699 3451 Romani,
730 3363 824 3460 praei
850 3369 968 3452 verba,
998 3365 1131 3463 quibus

152 3491 178 3526 “
196 3509 253 3557 me
270 3509 335 3581 pro
358 3483 561 3582 legionibus
578 3485 807 3558 devoveam.''
856 3483 1023 3558 Pontifex
1045 3510 1131 3560 eum

149 3622 270 3702 togam
298 3625 514 3701 praetextam
541 3602 675 3678 sumere
699 3605 808 3699 jussit,
849 3607 897 3691 a,
928 3606 1042 3678 velato
1074 3629 1131 3678 ca-

148 3722 236 3820 pite,
282 3750 390 3798 manu
423 3722 540 3798 subter
569 3744 691 3820 togam
719 3724 765 3795 ad
797 3745 960 3796 mentum
986 3721 1130 3811 exserta,

148 3840 251 3940 super
266 3844 379 3917 telum
395 3840 591 3938 subjeetum
608 3841 760 3940 pedibus
777 3841 924 3915 stantem
941 3845 985 3915 src
1003 3841 1130 3915 dicere.

150 3972 176 4006 “
195 3963 297 4057 Jane,
332 3960 486 4060 Jupiter,
521 3963 620 4036 Mars
635 3982 745 4060 pater,
779 3958 944 4060 Qririne,
972 3961 1128 4049 Bellona,

151 4089 178 4126 ‘⁸
196 4082 320 4171 Lares,
354 4079 441 4157 Divi
465 4082 683 4170 Novensrles,
716 4079 781 4155 Dii
810 4079 1001 4180 Indigetes,
1030 4079 1132 4170 Divi,
