3067 5342
380 631 401 701 6
686 627 999 701 T.L1v11

385 801 498 874 donec
522 800 586 874 sub
612 826 693 898 rege
719 788 840 888 else'ht,
874 798 1041 874 decrevit.
1089 800 1202 894 Cujus
1224 799 1358 873 decreti

386 919 559 1018 subprella
584 917 678 994 fama
706 919 754 993 est
782 919 876 1015 Vejis
908 941 1050 1016 propter
1076 939 1213 992 metum
1242 917 1358 1016 regis3

386 1039 464 1136 qui,
497 1065 518 1112 a
544 1065 617 1136 quo
640 1038 706 1114 tale
740 1037 831 1136 quid
850 1035 988 1112 ditium
1005 1036 1200 1123 referretur,
1230 1063 1293 1134 pro
1309 1035 1360 1110 se-

387 1157 531 1232 ditionis
551 1184 634 1230 eum
660 1156 831 1256 principe,
861 1183 933 1231 non
959 1156 1040 1230 vani
1057 1155 1222 1230 sermonis
1240 1159 1361 1230 audio-

387 1302 474 1362 rem,
498 1277 658 1348 habebat.
707 1276 881 1350 Romanis
897 1281 955 1350 etsr
978 1275 1117 1374 quietae
1134 1302 1185 1349 res
1198 1301 1242 1349 ex
1257 1279 1362 1350 Etru-

387 1393 438 1469 ria
460 1393 727 1482 nunciabantur,
755 1417 886 1483 tamen,
912 1395 998 1493 quia
1015 1396 1181 1469 omnibus
1203 1393 1363 1468 conciliis

387 1539 465 1588 eam
493 1540 567 1586 rem
593 1513 714 1612 agitari
739 1513 970 1602 adferebatur,
1005 1513 1053 1588 ita
1075 1514 1295 1601 muniebant,
1322 1535 1365 1586 ut

388 1632 553 1730 ancipitia
568 1633 790 1707 munimenta
801 1636 923 1708 effent:
957 1633 1024 1708 alia
1039 1634 1077 1708 in
1088 1637 1213 1708 urbem
1231 1638 1265 1706 ἃ
1279 1658 1364 1708 con,

389 1774 439 1826 tra
460 1751 717 1849 oppidanorum
744 1753 941 1850 eruptiones
963 1752 1072 1826 versa:
1105 1753 1181 1826 aliis
1204 1751 1299 1826 frons
1325 1751 1364 1825 in

391 1871 566 1945 Etruriam
583 1871 735 1968 spectans
751 1871 903 1960 auxiliis,
928 1875 951 1944 fi
974 1899 1045 1971 qua
1060 1871 1146 1946 forte
1163 1873 1247 1946 inde
1266 1870 1365 1945 veni-

389 2012 479 2077 rent,
509 1989 758 2066 obstruebatur.

441 2111 487 2182 Il.
520 2114 647 2211 Qrum
675 2106 749 2206 spes
772 2110 881 2204 major
903 2110 1167 2209 imperatoribus
1192 2109 1367 2184 Romanis

393 2227 431 2300 in
453 2227 646 2316 obsidione,
673 2253 781 2326 quam
803 2227 841 2300 in
866 2229 1144 2327 obpugnatione,
1169 2231 1251 2304 esset
1263 2263 1276 2317 3
1312 2229 1366 2302 hi-

394 2347 579 2421 bernacula
603 2345 722 2434 etiam,
755 2373 808 2420 res
824 2372 915 2421 nova
931 2347 1036 2421 militi
1059 2351 1239 2436 Romano,
1272 2348 1367 2424 aedi-

396 2464 489 2539 ficari
513 2487 655 2563 coepta:
690 2466 944 2564 confiliumque
966 2490 1050 2555 erat,
1076 2467 1267 2540 hiemando
1282 2494 1367 2542 con-

394 2583 528 2658 tinuare
546 2586 690 2658 bellum.
740 2587 852 2686 Qrod
875 2585 1058 2683 postquam
1075 2585 1224 2661 tribunis
1243 2588 1368 2686 plebis,

388 2705 462 2799 jam
489 2703 552 2776 diu
579 2705 713 2777 nullam
735 2704 889 2778 novandi
905 2731 957 2779 res
982 2709 1131 2780 cauffam
1160 2706 1369 2782 invenienti·

395 2827 474 2909 bus,
500 2825 657 2896 Romam
683 2823 732 2897 est
757 2827 927 2912 adlatum,
953 2825 990 2897 in
1012 2827 1222 2900 concionem
1241 2826 1369 2925 profili-

395 2963 474 3029 unt,
498 2939 683 3016 sollicitant
708 2943 819 3041 plebis
838 2943 987 3033 animos,
1013 2949 1144 3020 “Hoc
1170 2947 1260 3019 illud
1282 2947 1370 3018 effe’'

396 3059 606 3149 diciitantes,
632 3063 777 3159 “quod
800 3089 877 3136 aera
902 3063 1074 3138 militibus
1093 3069 1157 3139 srnt
1174 3063 1371 3139 constituta

397 3190 422 3222 “
441 3182 519 3252 Nec
537 3179 570 3252 se
587 3177 754 3267 fefellille,
782 3181 822 3254 id
837 3183 974 3256 donum
991 3183 1218 3258 inimicorum
1234 3209 1372 3258 veneno

397 3309 422 3341 ‘⁴
441 3298 584 3374 inlitum
601 3297 685 3372 fore.
735 3300 874 3374 Veniffe
890 3301 1084 3377 libertatem
1100 3303 1232 3401 plebis:
1258 3329 1372 3376 remo·

399 3417 575 3492 “tamin
603 3437 812 3516 perpetuum
838 3423 1080 3522 &ablegatam
1096 3425 1141 3496 ab
1161 3425 1249 3496 urbe
1275 3425 1372 3496 &ab

399 3535 621 3635 “republica
643 3539 880 3634 juventutem,
908 3540 983 3634 jam
1010 3567 1054 3616 ne
1083 3540 1193 3614 hiemi
1223 3539 1374 3638 quidem

400 3668 425 3700 “
443 3678 503 3731 aut
520 3655 668 3754 tempori
688 3657 771 3730 anni
795 3658 930 3746 cedere,
960 3685 1000 3734 ac
1020 3661 1147 3734 domos
1163 3665 1198 3734 bt
1214 3686 1266 3734 res
1282 3659 1373 3733 invi-

399 3788 424 3821 “
443 3775 512 3850 sere
534 3774 619 3850 suas.
668 3781 789 3878 Qram
811 3799 971 3875 putarent
987 3779 1208 3855 continuatae
1228 3778 1373 3853 militiae

401 3908 426 3941 “
445 3897 593 3970 cauffam
613 3898 702 3969 elle?
740 3899 873 3970 nullam
895 3896 1052 3996 profecto
1079 3897 1182 3973 aliam
1209 3899 1372 3978 inventu-

400 4025 425 4064 “
443 4041 511 4104 ros,
536 4041 644 4112 quarn
671 4041 715 4089 ne
740 4015 832 4113 quid
856 4042 917 4114 per
941 4015 1173 4115 frequentiam
1199 4021 1375 4116 juvenum
