3067 5342
390 689 462 786 37⁶
754 685 1071 760 T.Lrv11

394 867 420 909 ⁴⁴
438 855 562 956 gustis,
588 854 731 944 milites,
763 857 981 954 deprehenfi‚
1012 853 1073 934 nili
1096 879 1206 952 quam
1226 851 1369 928 vietoria

394 988 420 1032 ‘⁶
437 974 717 1076 patefecerimus,
743 976 840 1050 viam
856 976 990 1052 nullam
1008 977 1190 1050 habemus.
1240 972 1368 1049 Stativa

395 1097 554 1172 “nostra
578 1093 804 1170 munimento
836 1094 914 1176 satis
947 1114 1023 1170 tuta
1048 1092 1147 1182 sunt,
1167 1092 1228 1168 sed
1254 1090 1371 1191 inopia

395 1217 563 1292 “eadem
579 1214 712 1290 infesta
746 1218 845 1290 Nam
862 1219 896 1289 lit
913 1212 1006 1290 circa
1020 1213 1142 1288 omnia
1157 1213 1371 1301 defecerunt,

397 1346 423 1388 ‘⁶
440 1338 539 1411 unde
561 1333 710 1415 subvehi
737 1355 956 1410 commeatus
982 1353 1160 1434 poterant,
1181 1336 1230 1422 δι,
1260 1336 1284 1406 fi
1310 1335 1372 1406 ho-

397 1465 424 1502 ‘⁴
437 1455 553 1530 mines
572 1455 696 1550 juvare
727 1454 851 1542 velint,
878 1452 1003 1552 iniqua
1018 1454 1095 1538 loca
1111 1450 1201 1531 sunt.
1251 1453 1372 1550 Itaque

398 1585 424 1618 “
442 1601 515 1650 non
540 1573 730 1650 frustrabor
743 1601 812 1674 ego
828 1600 904 1662 vos,
928 1571 1034 1648 castra
1049 1571 1108 1646 hic
1125 1570 1373 1669 relinquendo,

399 1705 425 1752 ⁶⁸
442 1694 481 1769 in
497 1719 601 1793 quae,
628 1693 758 1782 infeila
774 1691 931 1780 victoria,
949 1695 1037 1767 ficut
1051 1689 1197 1790 pristino
1213 1691 1286 1781 die,
1312 1717 1373 1765 vos

399 1823 425 1870 θ’
442 1811 630 1910 recipiatis.
679 1813 801 1898 Armis
826 1811 1060 1898 munimenta,
1085 1837 1158 1886 non
1174 1810 1375 1886 munimen·

400 1943 426 1996 ί*
443 1931 488 2007 tis
513 1959 610 2008 arma
638 1935 796 2008 tutaeffe
812 1934 955 2012 debent.
1004 1931 1123 2007 Castra
1144 1933 1296 2006 habeant
1323 1957 1374 2006 re-

400 2061 425 2111 t<
443 2073 650 2151 petantque,
672 2051 804 2151 quibus
828 2076 954 2149 operae
982 2051 1032 2126 est
1062 2053 1194 2134 trahere
1221 2051 1372 2128 bellumr

400 2183 426 2234 θ’
444 2199 509 2248 nos
538 2172 703 2249 omnium
732 2197 849 2246 rerum
887 2168 1096 2267 respeilum,
1132 2190 1378 2268 praeterquam

399 2303 425 2354 θ’
439 2290 619 2378 νίᾶοῐὶεο,
650 2288 754 2372 nobis
786 2287 1043 2376 abscindamus.
1093 2291 1195 2364 Ferte
1221 2293 1315 2388 figna
1337 2288 1375 2364 in

399 2421 426 2458 “
443 2409 598 2488 hostem:
634 2407 700 2488 ubi
729 2429 827 2487 extra
857 2409 990 2483 vallum
1020 2433 1149 2508 agmen
1184 2407 1374 2498 excesserit,

400 2540 426 2598 t‘
441 2529 561 2618 castra,
586 2526 718 2627 quibus
734 2527 947 2627 imperatum
962 2527 1024 2616 est,
1042 2527 1250 2604 incendantz
1276 2528 1374 2602 dam-

400 2661 426 2713 ⁹⁶
440 2675 488 2726 na
501 2649 625 2737 vestra,
647 2647 790 2737 milites,
816 2646 980 2726 omnium
1012 2645 1116 2738 circa,
1145 2645 1209 2746 qui
1237 2645 1373 2724 defece..

400 2781 426 2836 ἒ*
444 2791 541 2858 mnt,
570 2770 784 2868 populorum
809 2769 938 2865 praeda
970 2765 1190 2842 sarcientur.''
1240 2769 1289 2844 Et
1302 2793 1374 2843 ora-

400 2888 498 2966 tione
528 2886 719 2980 dieiatoris,
746 2913 838 2985 quae
867 2885 1069 2970 neceffitatis
1094 2885 1241 2964 ultimae
1266 2886 1375 2976 index

401 3027 487 3096 erat,
511 3005 640 3084 milites
654 3009 785 3082 accenfi
808 3008 944 3082 vadunt
958 3003 997 3080 in
1021 3005 1169 3095 hostem,
1193 3005 1376 3106 &respec-

400 3149 457 3225 tus
474 3125 545 3226 ipse
561 3125 762 3200 ardentium
780 3125 984 3214 castrorum,
1013 3151 1232 3228 quamquam
1257 3127 1374 3226 proxi.

399 3244 469 3322 mis
484 3266 623 3328 tantum
655 3243 720 3341 (ita
732 3243 829 3319 enim
850 3245 992 3342 juffetat
1023 3245 1186 3342 dinam)
1208 3246 1301 3348 ignis
1325 3249 1374 3324 eli

400 3364 576 3451 subdims,
608 3364 705 3443 haud
733 3387 880 3463 parrum
907 3362 975 3438 fuit
990 3365 1258 3450 irritamentum.
1309 3370 1374 3446 Ita-

402 3509 487 3582 que,
516 3486 614 3560 velut
641 3485 810 3560 vecordes
839 3481 951 3572 inlati,
982 3487 1077 3584 ligna
1103 3485 1219 3584 primo
1250 3487 1373 3587 inpetu

400 3601 556 3680 hostium
572 3607 729 3687 turbanti
755 3607 789 3678 a
807 3603 845 3688 in
861 3625 1032 3702 tempore,
1047 3604 1233 3704 postquam
1251 3587 1372 3684 arden·

400 3720 451 3803 tia
489 3725 614 3822 procul
646 3721 740 3798 vidit
770 3721 878 3798 castra
913 3722 1075 3822 magister
1104 3725 1281 3824 equitum,
1319 3727 1373 3826 (id

401 3863 611 3918 convenerat
638 3841 791 3940 lignum)
820 3841 974 3926 hostium
1003 3865 1099 3947 terga
1128 3844 1274 3927 invadit.
1322 3849 1374 3922 lta

400 3959 634 4038 circumventi
650 3960 835 4050 Sanmites,
855 3985 927 4061 qua
941 3963 1052 4060 potest
1068 3963 1233 4066 quisque,
1249 3963 1372 4066 sugam

397 4080 607 4180 perdiversa
621 4100 758 4178 petunt.
807 4082 936 4180 Ingens
964 4081 1172 4178 multitudo,
1202 4083 1240 4176 in
1256 4113 1369 4172 unum
