3067 5342
373 703 444 802 358
722 700 1034 774 T.Lrvrr

379 869 590 970 “pullarius
610 869 766 946 nunciat.
816 871 979 946 Litatttm
1003 889 1175 968 praeterea
1190 867 1240 942 est
1259 893 1354 967 egre-

378 999 405 1032 “
422 989 492 1088 gie.
541 991 761 1066 Auctoribus
778 989 872 1078 Diis,
902 1011 943 1064 ut
965 986 1106 1076 videtis,
1135 987 1182 1062 ad
1204 1013 1278 1061 rent
1295 1013 1355 1086 ge·

379 1119 405 1152 “
424 1110 570 1184 tendam
592 1107 881 1212 proficiscimur.”
929 1108 1036 1208 Signa
1057 1107 1141 1180 inde
1158 1103 1237 1180 ferri
1245 1108 1355 1204 juffit,

379 1230 414 1301 a
440 1227 558 1325 copias
578 1227 718 1316 eduxit,
746 1227 962 1304 vaniffimam
992 1227 1174 1324 increpans
1197 1248 1354 1325 gentem,

379 1371 486 1446 quae,
512 1347 653 1422 suarum
671 1347 834 1446 inpotens
859 1371 975 1422 terum
992 1373 1072 1446 prae
1090 1344 1292 1422 domesticis
1308 1343 1356 1420 se·

379 1465 579 1546 ditionibus
607 1465 875 1565 discordiisque,
906 1464 982 1540 aliis
1012 1465 1162 1544 modum
1188 1465 1285 1564 pacis
1314 1491 1355 1540 ac

379 1585 464 1666 belli
487 1585 600 1664 facere
615 1611 773 1684 aequum
798 1584 960 1662 censeret.
1010 1582 1182 1667 Samnites
1198 1611 1243 1658 ex
1260 1607 1356 1683 parte

377 1705 495 1793 altera,
532 1730 649 1804 quum
689 1731 836 1780 omnent
872 1730 993 1782 curam
1026 1703 1110 1780 belli
1144 1702 1356 1794 remififfent,

377 1823 465 1924 quia
489 1845 551 1898 aut
576 1849 700 1922 pacem
727 1850 806 1900 vere
832 1821 1034 1921 cupiebant,
1059 1844 1121 1900 aut
1147 1823 1358 1922 expediebat

376 1945 550 2033 fimulare,
576 1965 620 2024 ut
647 1941 858 2024 Tarentinos
883 1942 944 2018 fibi
976 1941 1216 2032 conciliarent,
1242 1970 1358 2043 quum

377 2062 563 2144 instructos
579 2085 721 2164 repente
737 2065 784 2141 ad
809 2087 968 2162 pugnam
989 2064 1173 2143 Romanos
1189 2063 1357 2164 conspex-

378 2185 493 2273 tffent,
517 2181 714 2271 vociferati,
750 2192 776 2230 “
804 2179 837 2256 se
860 2180 897 2256 in
919 2179 1124 2259 auctoritate
1146 2183 1357 2260 Tarentino-
1421 2201 1430 2208 '

379 2312 406 2370 ‘.‘
424 2329 504 2378 nrm
518 2326 672 2389 manere,
696 2327 763 2378 nec
778 2299 985 2380 descendere
1001 2298 1039 2378 in
1054 2300 1183 2389 aciem,
1213 2328 1279 2380 nec
1295 2329 1356 2378 ex-

378 2431 405 2470 “
423 2442 476 2499 tra
490 2423 624 2508 vallum
639 2419 844 2500 atmaferre.
894 2423 1071 2518 Deceptus
1087 2419 1221 2518 potius,
1241 2425 1357 2521 quod·

377 2551 404 2589 “
422 2565 581 2639 cumque
605 2538 703 2620 casus
726 2538 826 2628 fetat,
859 2541 1025 2638 paffuros,
1056 2566 1165 2638 quam
1195 2563 1237 2616 ut
1266 2541 1356 2642 spre-

378 2673 405 2724 ‘·‘
422 2661 506 2736 viffe
523 2659 619 2759 pacis
633 2661 791 2742 auctores
807 2661 1019 2734 Tarentinos
1035 2657 1233 2738 videantur.
1283 2665 1356 2737 Ac-

379 2791 407 2839 t‘
424 2779 541 2880 cipere
555 2777 588 2858 se
604 2781 749 2868 omen,’'
771 2776 930 2856 consules
947 2779 1059 2874 ajunt,
1085 2790 1110 2822 “
1129 2784 1256 2857 &eam
1278 2806 1356 2879 pre-

379 2911 406 2946 “
422 2900 494 2975 cati
519 2921 677 2974 mentem
702 2897 876 2987 hostibus,
905 2918 949 2974 ut
975 2925 1019 2972 ne
1043 2900 1175 2974 vallum
1206 2899 1356 2996 quidem

378 3029 404 3066 “
422 3017 649 3094 defendant''
697 3020 779 3116 Ipfi‚
807 3017 899 3094 iuter
915 3015 948 3092 se
967 3017 1102 3116 partitis
1123 3017 1249 3118 copiis,
1280 3019 1357 3095 suc-

295 3173 299 3183 ·
375 3141 511 3215 cedunt
540 3136 697 3212 hostiurn
725 3135 971 3225 munimentis,
997 3141 1045 3224 ὅτ,
1073 3139 1173 3214 timul
1194 3137 1356 3238 undique

376 3257 504 3345 adorti,
528 3281 643 3356 quum
659 3282 736 3355 pars
752 3255 853 3332 foffas
870 3257 1062 3354 explerent,
1095 3281 1173 3356 pars
1189 3257 1356 3332 vellerent

375 3377 523 3465 vallum,
562 3396 670 3473 atque
700 3375 739 3450 in
763 3373 866 3451 foffas
899 3397 1119 3472 proruerent,
1146 3401 1212 3452 nec
1245 3375 1356 3452 virtus

375 3495 488 3574 modo
501 3493 611 3582 infita,
637 3493 696 3569 sed
713 3493 764 3568 ita
780 3493 900 3581 etiam,
928 3496 1146 3571 exulceratos
1159 3493 1356 3594 ignominia

376 3612 569 3696 stimularet
584 3612 735 3700 animos,
759 3611 867 3688 castra
884 3611 1054 3689 invasere:
1079 3619 1113 3688 δι
1130 3640 1195 3713 pro
1212 3614 1245 3689 se
1263 3613 1355 3714 quis·

376 3759 462 3832 que,
497 3743 522 3778 “
546 3759 621 3811 non
653 3734 740 3814 haec
770 3731 937 3820 buculas,
965 3757 1031 3807 nec
1060 3732 1256 3822 Caudium,
1289 3759 1355 3810 nec

377 3865 403 3904 “
422 3851 526 3932 saltus
539 3851 654 3932 invios
666 3853 747 3940 effe,
772 3850 837 3932 ubi
854 3876 1006 3927 errorem
1023 3849 1117 3928 fraus
1140 3851 1285 3951 superbe
1302 3852 1354 3928 vi-

377 3983 403 4018 “
421 3971 541 4060 risset,
583 3969 642 4045 sed
681 3972 885 4052 Romanam
918 3969 1101 4061 virtutem,
1146 3996 1255 4072 quam
1289 3997 1355 4050 nec

374 4101 401 4143 “
417 4091 565 4179 vallum,
592 4114 658 4164 nec
675 4087 779 4170 fossae
804 4111 973 4179 arcerent,
1001 4112 1248 4180 memorantes,
1278 4118 1354 4172 cae·
