3067 5342
471 665 817 743 LrsenVI.
1086 690 1151 766 153

164 866 296 917 manus
313 863 473 917 extrema
493 842 646 943 agminis
663 868 801 941 carpere
816 862 877 916 aut
890 838 1017 914 morari
1031 842 1152 939 posset.

163 966 258 1037 Inde
287 963 426 1061 aliquot
458 964 534 1040 dies
563 963 731 1038 vastando
770 989 853 1062 agro
884 959 1050 1048 absumo,
1087 988 1154 1034 nec

163 1082 344 1159 Romanis
361 1082 439 1158 satis
465 1077 642 1158 instruitis
658 1086 824 1181 adparatu
843 1081 973 1157 bellico
990 1082 1035 1153 ad
1057 1107 1153 1154 moe-

164 1202 230 1278 nia
249 1203 503 1303 adgredienda,
538 1231 604 1279 nec
618 1204 687 1277 illis
702 1206 749 1279 ad
767 1202 995 1278 subeundum
1012 1226 1153 1300 pugnae

163 1322 300 1399 casum.
856 1416 860 1427 .

219 1445 398 1519 XXXIII.
422 1443 557 1518 Seditio
586 1466 665 1518 tum
694 1442 786 1518 inter
806 1436 968 1518 Antiates
993 1438 1155 1515 Latinos-

163 1590 240 1664 que
258 1584 379 1637 coorta
390 1597 403 1650 3
433 1589 548 1663 quum
573 1564 747 1653 Antiates,
782 1562 868 1638 visti
883 1561 984 1636 malis
1005 1558 1155 1634 subacti·

162 1709 240 1783 que
259 1686 366 1773 bello,
400 1684 438 1758 in
456 1710 531 1783 quo
548 1687 582 1758 δι
599 1684 672 1758 nati
687 1704 799 1772 erant,
834 1688 868 1757 δε
887 1680 1153 1769 consenuerant,

162 1806 392 1880 deditionem
409 1803 600 1902 spetlarent
607 1838 618 1892 3
647 1804 796 1879 Latinos
828 1830 874 1877 ex
899 1801 1041 1876 diutina
1067 1828 1153 1901 pace

163 1953 261 2000 nova
285 1924 440 1999 defestio
457 1924 656 2000 recentibus
682 1927 802 1999 adhuc
820 1921 947 1997 animis
967 1919 1153 1995 ferociores

116 2098 121 2104 -
164 2047 211 2120 ad
236 2044 530 2143 perseverandum
555 2044 592 2119 in
620 2046 714 2119 bello
732 2044 870 2118 faceret.
922 2042 1021 2116 Finis
1044 2064 1152 2117 certa-

19 2134 20 2137 *
72 2265 76 2271 Ι
164 2164 278 2240 minis
294 2164 377 2253 suit,
404 2165 592 2264 postquam
608 2162 765 2263 utrisque
783 2162 956 2262 adparuit,
984 2161 1075 2237 nihil
1091 2188 1154 2263 per

165 2289 294 2359 alteros
311 2286 411 2374 stare,
445 2312 520 2384 quo
543 2285 662 2360 minus
686 2284 827 2382 incepta
852 2283 1152 2383 persequerentur.

165 2404 294 2481 Latini
316 2404 465 2505 profesti
481 2432 503 2478 a
519 2404 681 2480 societate
697 2405 807 2504 pacis,
832 2428 874 2480 ut
889 2408 1068 2491 rebantur,
1099 2403 1154 2476 in-

165 2527 333 2601 honestae
366 2524 434 2599 sese
467 2524 748 2601 vindicaverunt.
811 2525 987 2612 Antiates,
1017 2524 1155 2597 incom-

166 2646 288 2722 modis
303 2645 441 2721 arbitris
456 2643 659 2720 salutarium
669 2645 893 2720 confiliorum
907 2645 1063 2730 remotis,
1096 2670 1154 2717 ur-

167 2771 255 2843 bem
284 2765 455 2865 agrosque
488 2765 663 2840 Romanis
692 2768 842 2840 dedunt.
893 2769 948 2840 Ira
976 2770 1010 2838 δτ
1041 2766 1153 2840 rabies

167 2886 397 2974 latinorum,
442 2882 529 2984 quia
560 2913 626 2961 nec
657 2890 841 2960 Romanos
875 2887 969 2960 bello
1002 2886 1152 2976 laedere,

168 3034 235 3081 nec
251 3006 397 3081 Volscos
415 3005 566 3081 inarmis
582 3004 729 3081 retinere
745 3027 945 3104 potuerant,
966 3034 1009 3080 eo
1023 3006 1151 3105 erupit,

167 3148 209 3201 ut
226 3127 401 3201 Satricum
417 3130 558 3215 urbem,
588 3152 680 3225 quae
705 3130 970 3224 receptaculum
993 3125 1153 3225 primum

168 3247 220 3322 eis
249 3245 410 3321 adversae
439 3273 579 3347 pugnae
609 3245 734 3334 suerat,
766 3247 842 3346 igni
872 3268 1152 3321 concremarentr

169 3395 235 3443 nec
259 3368 358 3442 aliud
374 3371 509 3442 testum
532 3367 605 3463 ejus
627 3365 797 3465 superfuit
812 3367 923 3455 urbis,
958 3373 1088 3465 (quum
1104 3368 1154 3442 sa-

170 3515 227 3563 ces
251 3487 381 3585 pariter
409 3485 512 3561 sacris
544 3486 768 3585 profanisque
800 3487 997 3583 injicerent)
1042 3514 1153 3585 quarn
1184 3570 1189 3583 ,

171 3608 290 3684 matris
310 3611 474 3682 Matutae
497 3610 683 3705 templum.
734 3610 823 3681 Inde
841 3636 900 3682 eos
914 3634 979 3682 nec
996 3607 1058 3682 sua
1074 3609 1153 3683 reli-

173 3729 247 3828 gia,
278 3754 345 3803 nec
371 3728 589 3802 verecundia
613 3730 735 3803 Delam
752 3728 898 3802 arcuiffe
922 3727 1066 3813 dicitur,
1094 3728 1154 3802 sed

172 3875 242 3923 vox
258 3850 446 3937 horrenda,
481 3846 578 3921 edita
593 3849 727 3946 templo
749 3874 835 3922 cum
858 3846 1014 3923 tristibus
1032 3850 1151 3940 minis,

174 3968 208 4041 ni
239 3967 411 4043 nefandos
444 3967 544 4068 ignes
583 3970 708 4065 procul
743 3968 900 4042 delubris
935 3970 1152 4045 amavissent.

175 4086 337 4164 Incensos
366 4114 408 4164 ea
438 4088 535 4165 rabie
568 4088 710 4187 inpetus
733 4088 936 4165 Tusculum
966 4092 1062 4180 tulit,
1105 4096 1154 4167 ob
