3067 5342
515 715 746 789 Lrnan
802 714 848 790 V.
1134 718 1180 817 87

196 908 355 987 paratam
396 886 504 983 Vejos
545 888 840 990 transmigrarent,
878 888 918 965 in
955 887 1180 979 concionem,

195 1006 360 1083 universo
381 1006 500 1081 senatu
526 1006 771 1107 prosequente,
797 1008 965 1099 escendit,
996 1031 1105 1110 atque
1131 1012 1182 1087 ita
1258 1002 1260 1011 ¹

194 1130 306 1203 verba
320 1125 423 1201 fecit:

246 1248 314 1320 LI.
343 1257 369 1290 “
388 1247 495 1319 Adeo
511 1245 602 1320 mihi
618 1249 764 1322 acerbae
779 1247 872 1337 sunt,
896 1246 1067 1351 Qtirites,
1094 1277 1178 1326 con·

194 1376 222 1412 “
240 1366 415 1441 tentiones
435 1392 521 1441 cunr
538 1364 690 1441 tribunis
704 1366 832 1465 plebis,
863 1389 904 1442 ut
918 1395 983 1443 nec
1002 1370 1178 1447 tristiffimi

195 1496 225 1529 “
241 1484 352 1560 exsilii
368 1484 531 1559 solatium
544 1485 644 1560 aliud
666 1486 868 1575 habuerim,
897 1491 1018 1587 quoad
1039 1491 1179 1566 Ardeae

194 1616 222 1649 “
240 1602 330 1692 vixi,
360 1630 471 1703 quarn
498 1606 599 1702 quod
627 1608 753 1703 procul
770 1609 816 1682 ab
841 1606 897 1682 his
925 1608 1178 1686 certaminibus

194 1735 222 1769 “
241 1750 355 1801 etam:
385 1729 420 1799 dc
437 1726 486 1799 ob
511 1727 637 1799 eadem
653 1728 754 1816 haec,
790 1752 875 1815 non,
902 1729 924 1800 fi
950 1754 1008 1801 me
1029 1726 1178 1804 senatus-

194 1843 402 1919 “consulto
424 1844 622 1944 populique
642 1846 737 1942 jussu
754 1846 974 1935 revocaretis,
1001 1846 1179 1925 rediturus

193 1976 417 2063 “umquam
441 1964 583 2040 fuerim.
632 1969 713 2041 Nec
738 1992 836 2041 nunc
853 1991 923 2054 me,
954 1986 997 2040 ut
1013 1966 1178 2059 redirem,

194 2094 222 2129 “
240 2110 321 2158 mea
334 2086 497 2159 voluntas
513 2105 662 2174 mutata,
687 2084 748 2160 sed
762 2086 872 2160 vestra
892 2086 1033 2161 fortuna
1048 2114 1178 2187 perpu-

193 2214 221 2247 “
239 2202 292 2277 lie
341 2203 504 2305 Qippe,
528 2227 571 2279 ut
587 2204 626 2278 in
642 2202 703 2279 sua
718 2203 799 2279 sede
812 2224 968 2281 maneret
984 2206 1108 2306 patria,
1138 2206 1177 2285 id

193 2332 221 2365 “
238 2326 428 2422 agebatur3
457 2350 531 2397 non
546 2345 589 2398 ut
615 2350 684 2423 ego
704 2323 832 2422 utique
863 2324 901 2399 in
926 2325 1037 2423 patria
1059 2328 1177 2401 essem.

193 2445 289 2517 “Et
318 2468 415 2518 nunc
445 2443 661 2542 quiescerem
687 2470 729 2518 ac
749 2465 902 2518 tacerem
922 2445 1086 2535 libenter,
1115 2444 1176 2520 nis

193 2574 220 2606 ‘⁶
238 2566 326 2638 haec
342 2588 490 2663 quoque
504 2590 568 2662 pto
583 2563 696 2663 patria
708 2562 894 2637 dimicatio
904 2566 1004 2652 esset,
1037 2564 1097 2639 cui
1113 2566 1176 2641 de·

193 2693 221 2726 “
237 2686 320 2771 effe,
351 2685 472 2783 quoad
487 2683 561 2758 vita
577 2682 752 2781 subpetat,
784 2681 860 2757 aliis
878 2703 994 2782 turpe,
1023 2682 1177 2760 Camillo

194 2811 219 2845 “
238 2800 346 2877 etiarn
363 2801 459 2879 nefas
476 2804 537 2878 est.
587 2802 690 2905 Qud
707 2802 805 2877 eninr
822 2800 1053 2900 repetiimus?
1086 2803 1178 2900 quid

191 2932 218 2965 ‘⁶
236 2921 405 2997 obsessam
419 2948 464 2997 ex
485 2922 642 2997 hostium
659 2921 824 2997 manibus
844 2920 1053 3021 eripuimus,
1083 2924 1107 2995 li
1123 2948 1176 2996 re·

193 3050 219 3083 “
237 3062 442 3140 cuperatam
462 3041 531 3141 -ipsr
554 3040 771 3117 deserimus?
806 3046 840 3116 δι
871 3067 1000 3140 quum,
1034 3040 1177 3115 vidori-

192 3170 218 3203 ⁴⁴
238 3162 306 3234 bus
323 3161 449 3251 Gallis,
479 3183 582 3261 capta
598 3183 672 3236 tota
686 3164 789 3250 urbe,
820 3160 1040 3259 Capitolium
1057 3180 1176 3235 tamen
1202 3160 1205 3167 ’

193 3289 219 3323 “
236 3300 346 3377 atque
358 3306 475 3355 arcem
489 3280 627 3381 Diique
645 3285 679 3356 ὅτ
696 3279 860 3355 homines
874 3279 1032 3354 Romani
1051 3300 1175 3354 tenue·

192 3408 217 3442 “
236 3397 320 3486 tint,
346 3400 603 3491 habitaverint,
635 3399 830 3475 nidoribus
854 3398 1043 3487 Romanis,
1074 3426 1174 3474 recu·

191 3528 218 3563 “
234 3540 355 3617 perata
369 3523 473 3609 urbe,
499 3547 562 3595 arx
579 3545 725 3619 quoque
749 3524 783 3593 &
801 3518 1021 3618 Capitolium
1041 3518 1173 3594 desere·

190 3649 216 3683 “
234 3642 316 3715 tur?
348 3644 382 3713 oc
399 3642 479 3738 plus
495 3640 661 3715 vastitatis
680 3638 765 3714 huic
785 3638 868 3713 utbi
891 3638 1044 3714 secunda
1061 3638 1176 3713 nostra

192 3770 217 3805 “
235 3760 380 3835 fortuna
394 3758 514 3848 saciet,
534 3785 645 3858 quam
658 3757 800 3833 adversa
816 3756 923 3833 fecit?
975 3754 1173 3856 Equidem,

194 3889 218 3924 “
236 3883 260 3954 st
277 3878 383 3954 nobis
399 3905 484 3953 cum
500 3882 589 3954 urbe
606 3880 707 3952 srmul
723 3882 851 3978 positae
874 3877 1093 3975 traditaeque
1111 3904 1175 3977 per

194 4011 218 4044 “
236 4027 363 4075 manus
386 3998 573 4097 religiones
589 4001 707 4073 nullae
724 4000 845 4086 essent,
876 4010 993 4072 tamen
1012 4018 1084 4073 tarn
1100 3995 1173 4073 evi-

196 4130 221 4163 “
238 4124 326 4198 dens
342 4147 478 4196 numen
490 4124 558 4197 hac
573 4119 778 4219 tempestate
794 4122 898 4199 rebus
913 4116 1028 4195 adfuit
1036 4120 1172 4196 Roma-
