3067 5342
275 781 350 793 1,
437 699 885 790 ‚L1n,naIX.·
1063 715 1189 801 '375

251 868 391 944 XXIII.
417 869 560 946 Mutata
585 870 670 946 inde
696 863 785 946 ¹belli
805 871 907 946 'sedes
932 871 994 946 est.
1044 870 1107 944 Ad
1123 873 1185 945 So-

203 1013 278 1063 ram
311 1015 357 1063 ex
388 990 533 1065 Samnio
564 989 770 1090 Apuliaque
806 992 985 1066 traductae
1016 989 1185 1088 legiones.

199 1109 285 1181 Sora
316 1108 363 1180 ad
397 1108 570 1184 Samnites
602 1109 790 1200 defecerat,
822 1107 1013 1205 interfectis
1043 1108 1183 1190 colonis,

201 1226 482 1304 Romanorum:
501 1233 598 1331 ·Q10
615 1255 729 1327 quum
759 1227 857 1327 prior
881 1231 1068 1302 Romanus
1084 1255 1183 1304 exer-

200 1345 305 1435 citus,
331 1348 379 1423 ad
394 1345 633 1422 ulciscendam
655 1346 792 1423 civium
823 1373 949 1423 necem
976 1361 1183 1448 recuperanss

201 1466 357 1566 danique
373 1465 564 1554 coloniam,
582 1453 720 1566 magnis
736 1467 923 1542 itineribus
939 1467 1180 1564 praeveniffet,

200 1591 235 1661 &
253 1585 350 1685 spatii
365 1584 518 1685 pervias
533 1584 776 1683 speculatores,
797 1586 895 1685 sequi
910 1585 1067 1687 legiones
1082 1589 1181 1662 Sam·

199 1704 344 1796 nitium,
375 1731 442 1781 nec
463 1705 539 1802 jain
571 1709 696 1804 procul
712 1707 838 1794 abeffe,
869 1706 927 1782 alii
954 1707 1054 1805 super
1080 1705 1179 1796 alios,

198 1824 407 1900 nunciarent
412 1857 425 1912 3
456 1823 601 1900 obviam
614 1825 707 1900 itum
722 1825 828 1913 hosti,
855 1845 962 1925 atque
979 1826 1024 1900 ad
1041 1828 1181 1900 Lautu-

198 1947 248 2024 las
269 1944 417 2044 ancipiti
446 1944 581 2044 proelio
598 1941 810 2021 dimicatum
827 1946 888 2019 est.
937 1947 1025 2020 Non
1042 1946 1180 2033 caedes,

198 2091 273 2165 non
298 2064 385 2162 fuga
409 2062 550 2138 alterius
566 2063 685 2162 partis,
714 2063 774 2139 sed
801 2089 874 2138 nox
901 2062 1064 2152 incertos,
1093 2063 1191 2154 vicliff

196 2182 390 2261 victoresne
417 2183 539 2270 effent,
567 2181 723 2258 diremit.
774 2182 922 2259 Invenio
950 2184 1047 2281 apud
1073 2181 1178 2281 quos-

196 2304 295 2393 dam,
320 2299 499 2376 adversam
523 2327 601 2375 eam
617 2328 776 2402 pugnam
793 2301 969 2376 Romanis
984 2300 1100 2390 fuisse,
1127 2321 1177 2377 at·
1305 2380 1307 2386 ,

198 2447 270 2520 que
286 2419 324 2496 in
339 2447 380 2495 ea
393 2419 556 2496 cecidisse
572 2425 631 2522 Q
645 2421 812 2509 Aulium,
842 2419 1048 2520 megisti-'tun
1077 2419 1180 2520 equi·

197 2560 287 2615 tum.
327 2537 524 2615 subfectus
557 2539 596 2614 in
621 2543 743 2616 locum
759 2539 862 2615 Aulii
879 2541 922 2614 C.
940 2539 1071 2613 Fabius
1103 2565 1177 2614 ma·

195 2658 300 2758 gister
315 2659 480 2759 equitum
504 2685 590 2735 cum
617 2659 775 2735 exercitu
792 2685 887 2734 novo
902 2661 948 2732 ab
964 2659 1085 2732 Roma
1114 2661 1175 2734 ad·

193 2776 291 2872 venit
297 2809 310 2864 3
337 2782 387 2867 ἃ,
413 2804 475 2877 per
490 2777 691 2877 praemilsos
705 2777 857 2860 nuncios
873 2775 1042 2856 consultu
1064 2776 1176 2852 dicta-

195 2891 286 2992 tote„
300 2899 367 2973 ubi
395 2896 600 2987 subfisteret,
617 2923 745 2996 quove
773 2917 944 2996 tempore,
974 2901 1011 2972 &a
1032 2921 1106 2995 qua
1128 2923 1175 2970 ex

194 3038 291 3117 parte
307 3016 444 3091 hostem
459 3019 719 3116 ingeneretur,
747 3014 899 3092 substitit
927 3019 1101 3105 occultus,
1126 3017 1174 3091 ad
1284 3068 1287 3076 ·

190 3137 312 3213 omnia
331 3134 409 3212 satis
432 3135 621 3235 exploratis
633 3134 797 3222 confiliin
844 3133 1018 3223 Dictator,
1049 3159 1164 3240 quum
1194 3199 1199 3208 .

196 3281 259 3355 per
286 3255 423 3355 aliquot
450 3252 526 3328 dies
554 3253 633 3351 post
657 3250 1067 3352 pugnamvcontinuiffet
1094 3249 1197 3328 suos.

197 3374 289 3450 intra
301 3376 449 3462 vallum,
463 3371 582 3448 obseffi
598 3371 710 3472 magis
723 3397 833 3470 quam
846 3367 1034 3445 oblidentis
1045 3369 1172 3458 modo,

195 3499 334 3596 fignum
363 3513 505 3593 repente
530 3517 670 3592 pugnae
695 3484 896 3590 pioposuit=3
920 3493 969 3577 δι,
996 3489 1174 3565 efficacius

195 3636 289 3692 ratus
317 3615 363 3688 ad
388 3612 633 3688 accendendos
657 3609 816 3684 virorum
845 3607 991 3682 fortium
1021 3608 1172 3695 animos,

195 3737 329 3811 nullam
345 3731 444 3821 alibi,
461 3756 571 3831 quam
595 3729 634 3803 in
662 3727 772 3805 semet
802 3726 890 3826 ipso,
920 3725 1091 3824 cuiquam
1117 3752 1171 3802 re-

194 3854 314 3930 littam
329 3852 440 3952 spem,
464 3852 511 3924 de
525 3849 689 3948 magistro
705 3847 868 3948 equitum
886 3871 1052 3945 novoque
1073 3871 1171 3921 exer-

193 3973 268 4048 citu
302 3971 454 4048 militem
486 3969 623 4046 celavit.
674 3971 735 4058 Et,
765 3989 934 4066 tanquam
965 3969 1075 4056 nulle,
1109 3963 1199 4041 nifi.

194 4093 234 4170 in
249 4093 449 4193 eruptione,
480 4088 556 4191 spes
571 4090 666 4177 effet,
697 4099 722 4133 ‘⁸
738 4087 887 4178 Locis?
915 4085 1036 4188 inquit
1068 4095 1094 4132 “
1111 4111 1173 4162 an·
