3067 5342
341 711 413 778 422
701 687 1011 762 T.Lrvrr

394 857 531 930 XLVI.
573 857 713 932 Eodem
738 881 832 932 anno
863 859 930 932 Cn.
965 853 1105 930 Flavius
1138 855 1206 928 Cn.
1233 853 1325 930 filius

347 973 471 1062 scriba,
501 995 597 1074 patre
613 975 792 1064 libertino,
822 975 951 1051 humili
975 975 1117 1050 fortuna
1131 995 1240 1062 orma,
1270 999 1325 1048 te-

346 1113 461 1168 terum
477 1094 626 1170 callidus
642 1095 695 1168 vir
718 1099 753 1170 a
771 1095 957 1181 facundus,
983 1092 1105 1168 aedilis
1121 1091 1253 1167 curulis
1269 1092 1324 1166 fu-

346 1211 385 1288 it.
434 1213 582 1288 Invenio
604 1213 643 1289 in
661 1213 875 1311 quibusdam
899 1214 1095 1302 annalibus,
1127 1237 1245 1312 quum
1260 1213 1322 1286 ad·

345 1354 478 1430 pareret
504 1333 692 1423 aedilibus,
719 1333 866 1434 fierique
892 1333 924 1408 se
954 1359 1018 1432 pro
1049 1331 1144 1406 tribu
1172 1331 1322 1406 aedilem

345 1450 494 1540 videret,
527 1479 645 1552 neque
670 1453 784 1554 accipi
812 1479 959 1540 nomen,
990 1451 1075 1552 quia
1091 1450 1259 1549 scriptum
1276 1447 1325 1522 fa·

348 1595 460 1660 cerem
491 1574 647 1648 tabulam
677 1571 839 1670 posuisse,
866 1577 899 1646 dr
925 1571 1064 1668 jurasse,
1099 1569 1132 1644 se
1158 1567 1325 1668 scriptum

348 1719 421 1767 non
432 1691 621 1766 faslutum.
671 1697 792 1792 Qrem
806 1691 986 1790 aliquanto
1001 1711 1080 1764 ante
1093 1690 1208 1762 defiffe
1222 1685 1324 1784 scrip-

347 1833 426 1888 turn
456 1809 582 1899 facere,
620 1809 738 1910 arguit
770 1811 895 1884 Macer
927 1808 1107 1896 Licinius,
1142 1807 1321 1882 tribunatu

347 1951 427 2006 ante
459 1931 556 2035 gesto
596 1926 958 2027 triumviratibusque,
1000 1929 1173 2002 noslurno
1205 1929 1324 2014 altero,

347 2052 455 2125 altero
479 2049 638 2126 coloniae
665 2049 906 2122 deducendae.
956 2051 1125 2124 Ceterum
1147 2046 1201 2143 (id
1226 2047 1325 2143 quod

349 2171 445 2244 lraud
463 2167 650 2266 discrepat)
678 2165 905 2242 contumacia
920 2164 1082 2240 adversus
1099 2187 1326 2242 contemnen-

349 2310 399 2362 tes
416 2287 653 2361 humilitatem
667 2285 764 2360 suam
782 2286 918 2362 nobiles
935 2286 1104 2362 certavit:
1140 2284 1243 2362 civile
1253 2286 1326 2382 jus,

348 2411 535 2506 repositum
552 2405 590 2480 in
616 2405 851 2504 penetralibus
876 2407 1103 2505 pontificum,
1134 2403 1325 2504 evulgavit,

348 2523 520 2626 fastosque
534 2525 626 2600 circa
642 2525 759 2600 forum
783 2525 820 2599 in
834 2527 914 2600 albo
927 2525 1121 2626 proposuit,
1144 2547 1198 2614 ut,
1215 2510 1332 2624 quanss

347 2649 398 2721 do
415 2647 491 2748 lege
522 2645 579 2744 agi
606 2649 728 2743 poffet,
762 2644 924 2720 sciretur:
955 2647 1079 2720 aedem
1105 2645 1325 2722 Concordiae

349 2766 386 2839 in
409 2792 487 2839 area
503 2764 654 2840 Vulcani
671 2763 808 2838 summa
834 2763 969 2839 invidia
990 2765 1165 2841 nobilium
1182 2763 1323 2838 dedita-

348 2883 418 2972 vit3
449 2881 658 2982 coactusque
688 2882 856 2958 consensu
886 2883 1008 2982 populi
1032 2883 1217 2960 Cornelius
1245 2887 1323 2958 Bar·

349 3007 451 3078 batus
481 3001 642 3101 pontifex
674 3002 851 3078 maximus
883 3006 989 3078 verba
1021 3003 1165 3101 praeire,
1209 3028 1323 3100 quum

347 3149 444 3196 more
467 3123 641 3218 majorum
663 3105 817 3220 negaret,
848 3121 908 3195 nist
932 3120 1111 3196 consulem
1134 3143 1195 3196 aut
1212 3121 1324 3220 impe·

348 3264 509 3328 tatorem,
557 3243 651 3339 polle
687 3244 861 3338 templum
897 3241 1070 3316 dedicare.
1121 3243 1244 3340 Itaque
1278 3269 1322 3316 ex

347 3359 551 3435 audioritate
583 3357 718 3433 senatus
751 3362 862 3433 latum
892 3361 937 3432 ad
968 3361 1143 3458 populum
1173 3361 1235 3447 est,
1279 3387 1321 3433 ne

347 3477 428 3579 quis
445 3481 618 3576 templum
636 3505 773 3552 aramve
797 3477 923 3574 injulsu
937 3477 1072 3552 senatus
1086 3500 1147 3552 aut
1163 3479 1322 3553 tribuno·

345 3627 427 3673 rum
450 3597 566 3697 plebei
591 3595 697 3695 partis
719 3597 857 3692 majoris
881 3597 1069 3672 dedicaret.
1119 3599 1233 3672 Haud
1250 3625 1322 3672 me-

347 3719 555 3795 morabilem
571 3744 646 3791 rem
668 3742 730 3813 per
754 3713 801 3804 se,
831 3715 892 3790 nisr
916 3716 1174 3800 documentum
1199 3721 1237 3791 stt
1262 3719 1322 3792 ad·

346 3839 462 3914 versus
485 3835 681 3936 superbiam
697 3835 874 3911 nobilium
892 3839 1046 3935 plebejae
1064 3836 1243 3924 libertatis,
1270 3862 1321 3909 re-

347 3959 468 4033 feram.
519 3958 581 4030 Ad
598 3957 769 4054 collegam
788 3982 932 4055 aegrum
953 3956 1086 4032 visendi
1109 3959 1222 4032 caussa
1246 3958 1322 4030 Fla-

348 4078 428 4154 vius
445 4101 559 4176 quum
575 4073 732 4160 venisset,
758 4074 997 4176 consensuque
1015 4075 1189 4151 nobilium
1205 4077 1321 4152 adole-
