3067 5342
478 672 824 796 bruuuVI.
1074 742 1177 819 ¹37'

154 893 321 971 militum
353 920 515 983 numero,
551 919 627 993 quo
655 892 880 992 aliquantum
910 893 1141 992 praestabant,

157 1015 445 1114 obperiebantur.
495 1015 689 1114 Postquam
706 1012 990 1112 adpropinquare
1007 1016 1142 1088 Roma-

158 1163 226 1210 nos
250 1134 440 1223 senserunt,
462 1136 642 1232 extemplo
662 1133 700 1207 in
723 1132 837 1207 aciem
857 1134 1068 1231 procedunt,
1090 1132 1143 1205 ni-

158 1254 212 1333 hil
229 1254 388 1343 dilaturi,
416 1254 507 1353 quin
522 1253 722 1353 perieulum
739 1251 897 1326 summae
914 1278 1032 1335 rerum
1052 1252 1144 1327 face-

158 1398 255 1451 rent:
286 1375 337 1448 ita
352 1374 521 1473 paucitati
539 1374 694 1449 hostium
712 1372 803 1447 nihil
822 1396 911 1447 artes
928 1372 1145 1471 imperatoris

158 1494 277 1583 unici,
293 1494 427 1594 quibus
437 1493 516 1569 solis
530 1496 761 1581 confiderent,
779 1494 981 1592 profuturas
994 1495 1072 1567 effe.

210 1619 354 1691 XXlll.
381 1618 484 1690 Idem
499 1618 645 1689 ardor&
664 1614 702 1688 in
712 1618 881 1689 Romano
891 1612 1049 1689 exercitu
1061 1634 1146 1700 etat,

161 1741 195 1811 ἂ
213 1736 255 1809 in
272 1737 382 1811 altero
398 1738 512 1810 duce:
532 1762 597 1809 nec
614 1734 802 1834 praesentis
818 1732 1060 1809 dimicationis
1077 1732 1147 1807 for-

162 1880 292 1933 tunam
308 1858 464 1945 uliares,
490 1877 734 1953 praeterquam
747 1854 856 1929 unius
873 1853 940 1927 viri
963 1853 1147 1931 confilium

161 1998 273 2076 atque
282 1974 485 2074 imperium,
497 1979 715 2051 morabatur:
728 1974 791 2075 qui
799 1976 1148 2071 occafionemjuvan·

163 2100 295 2171 darum
323 2096 456 2170 ratione
483 2094 615 2170 virium
633 2098 805 2170 trahendo
832 2097 925 2170 bello
947 2098 1148 2194 quaerebat.

165 2221 225 2291 Eo
240 2215 356 2316 magis
372 2215 480 2290 hostis
497 2215 620 2291 instare
634 2248 645 2302 ;
675 2243 741 2291 nec
759 2217 836 2312 jam
850 2241 914 2314 pto
939 2214 1056 2291 castris
1075 2238 1150 2291 tan-

165 2360 248 2411 tum
271 2335 341 2412 suis
358 2334 532 2434 explicare
547 2335 675 2424 aciem,
702 2336 761 2411 sed
778 2339 967 2435 procedere
986 2336 1023 2411 in
1037 2337 1151 2412 medi-

167 2484 234 2533 um
248 2455 380 2555 campi,
395 2460 443 2543 dr,
454 2458 547 2530 vallo
559 2482 669 2555 prope
683 2457 840 2531 hostium
850 2460 944 2557 signa
954 2457 1151 2548 inferend0,

169 2578 358 2677 superbam
385 2575 556 2651 fiduciam
582 2576 714 2677 virium
745 2560 926 2652 ostentare.
977 2580 1020 2651 ld
1049 2604 1152 2678 aegre

170 2698 369 2796 patiebatur
383 2699 570 2771 Romanus
584 2696 708 2785 miles3
725 2698 841 2771 multo
854 2696 993 2796 aegrius
1005 2700 1091 2772 alter
1107 2726 1153 2773 ex

171 2817 322 2893 tribunis
338 2815 496 2891 militum
514 2820 560 2890 L.
579 2816 721 2905 Furius,
744 2816 843 2891 ferox
861 2843 977 2916 quum
992 2838 1102 2892 aetate
1120 2822 1155 2893 ὅτ

172 2938 331 3038 ingenio,
350 2956 429 3011 tum
442 2935 697 3025 multitudinis,
715 2964 760 3012 ex
774 2936 999 3011 incertilstmo
1016 2937 1155 3011 sumen-

174 3056 217 3133 tis
242 3056 393 3147 animos,
426 3055 485 3155 spe
511 3056 662 3131 inflatus.
713 3056 791 3131 Hic
812 3085 874 3156 per
890 3057 1010 3153 sejam
1025 3057 1156 3132 milites

176 3177 338 3253 incitatos
351 3174 494 3275 insuper
510 3176 697 3276 instigabat
713 3179 898 3267 elevand0,
917 3204 990 3277 qua
1006 3204 1078 3253 una
1092 3206 1156 3277 po-

176 3320 273 3388 terat,
303 3318 414 3373 aetate
441 3296 686 3371 auetoritatem
699 3299 875 3398 collegae:
912 3310 937 3342 “
956 3299 1158 3394 Juvenibus

177 3430 201 3462 “
218 3421 312 3495 bella
329 3420 447 3508 data,'’
464 3416 643 3505 dictitans,
670 3427 695 3460 “
715 3422 749 3491 δι
770 3444 856 3492 cum
876 3418 1084 3517 corporibus
1104 3420 1157 3495 vi-

179 3549 204 3583 “
222 3565 303 3638 gete
337 3543 371 3613 a
397 3536 623 3613 deflorescere
645 3535 782 3612 animos
793 3570 805 3626 ;
838 3542 1080 3614 cundatorem
1113 3566 1159 3615 ex

179 3671 203 3705 “
220 3659 390 3735 acerrimo
416 3660 585 3734 bellatore
613 3657 771 3745 fastum3
805 3663 853 3747 δι,
881 3662 945 3758 qui
968 3661 1159 3737 adveniens

179 3790 203 3825 ‘⁶
220 3780 327 3855 castra
344 3776 521 3877 urbesque
542 3776 660 3877 primo
680 3778 805 3878 inpetu
826 3804 944 3878 rapere
964 3782 1002 3855 fit
1026 3780 1160 3869 solitus,

180 3911 204 3944 “
221 3926 305 3975 eum
326 3901 472 3975 refidem
490 3898 580 3973 intra
594 3900 728 3974 vallum
748 3921 889 3999 tempus
908 3921 1039 3976 terere:
1068 3900 1160 3999 quid

181 4022 440 4095 “accessurum
457 4016 540 4109 suis,
568 4020 835 4095 decessurumve
853 4020 1009 4095 hostium
1025 4020 1162 4097 viribus

182 4151 206 4186 “
222 4140 444 4241 sperantem?
471 4166 582 4240 quam
608 4144 841 4230 occafionem,
875 4142 977 4241 quod
1005 4162 1160 4243 tempus,
