3067 5342
482 664 830 742 Lrnnan
1096 691 1166 766 μγ

182 836 396 937 “religione
429 841 618 938 populum,
655 844 679 914 fi
709 867 782 940 qua
811 839 1050 940 obligavimus
1062 873 1074 929 3
1119 868 1164 916 ne

183 967 210 1002 “
229 957 320 1056 quid
347 956 461 1032 divini
488 959 680 1034 humanive
703 961 831 1049 obstet,
863 987 937 1060 quo
963 960 1083 1036 minus
1092 961 1166 1059 jus-

185 1088 212 1122 “
229 1099 309 1153 tum
327 1077 503 1178 piumque
527 1081 573 1154 de
589 1080 727 1179 integro
749 1080 886 1154 ineatur
911 1083 1057 1156 bellum.
1108 1084 1166 1157 In-

184 1209 210 1243 “
229 1219 322 1274 terea
337 1198 496 1274 consules
515 1199 711 1274 'exercitum
724 1198 885 1288 scribere,
905 1225 1050 1290 armare,
1077 1203 1167 1276 edu-

183 1329 210 1364 “
229 1345 306 1394 cere
330 1321 445 1417 placet
451 1353 464 1407 ;
499 1345 565 1393 nec
593 1318 689 1417 prius
716 1319 857 1418 ingredi
884 1318 1040 1394 hostium
1066 1323 1167 1410 lines,

184 1450 211 1484 ‘⁴
229 1464 340 1536 quam
356 1438 480 1514 omnia
497 1439 592 1536 justa
612 1439 651 1512 in
668 1439 890 1514 deditionem
916 1441 1069 1516 nostram
1089 1469 1168 1540 per-

183 1565 211 1604 “
229 1558 443 1634 festaerunt.
493 1563 579 1647 Vos,
602 1559 665 1634 Dii
680 1559 893 1648 inmortales,
917 1585 1041 1660 precor
1057 1587 1165 1660 quae-

184 1689 210 1724 “
229 1679 351 1779 suque,
377 1679 518 1755 fivobis
535 1679 689 1754 nonfuit
708 1681 822 1769 cordi,
853 1683 912 1782 Sp.
928 1680 1168 1769 Postumium,

184 1810 212 1845 “
229 1803 277 1876 T.
294 1800 486 1874 Veturium
503 1799 660 1875 consules
673 1828 758 1876 curn
775 1800 992 1877 Samnitibus
1009 1801 1170 1901 prospere

182 1931 213 1966 “
230 1924 367 1997 bellum
384 1946 502 2021 gerere
511 1954 522 2007 3
553 1942 588 1995 at
599 1948 663 1995 vos
677 1919 755 1996 satis
767 1920 938 2010 habeatis,
965 1921 1088 1998 vidisse
1105 1948 1169 1998 nos

185 2050 214 2085 “
231 2040 442 2141 subjugum
459 2040 589 2129 missos,
623 2040 746 2115 vidiffe
761 2040 941 2141 sponsione
961 2039 1087 2116 infami
1103 2045 1167 2118 ob-

187 2171 214 2205 “
232 2161 370 2262 ligatos,
396 2161 518 2236 videre
547 2161 664 2235 nudos
687 2160 894 2261 vinctosque
920 2162 1080 2238 hostibus
1107 2165 1171 2238 de·

187 2292 214 2327 ‘⁶
232 2283 340 2370 ditos,
372 2307 520 2355 omnem
542 2279 631 2355 iram
662 2281 819 2356 bostium
850 2281 974 2356 nostris
993 2282 1170 2382 capitibus

187 2408 215 2447 “
231 2401 461 2501 excipientes.
511 2405 637 2476 Novos
663 2401 822 2477 consules
839 2401 1066 2502 legionesque
1095 2407 1173 2480 Ro·

188 2533 353 2596 “manas
379 2520 429 2596 ita
454 2547 540 2597 cum
567 2521 722 2597 Samnite
745 2548 864 2622 gerere
882 2525 1017 2598 bellum
1043 2525 1172 2614 velitis,

187 2653 276 2717 “ut
297 2642 419 2717 omnia
443 2663 523 2716 ante
549 2668 614 2716 nos
636 2642 795 2717 consules
821 2644 914 2717 bella
936 2643 1032 2741 gesta
1058 2643 1174 2720 sunt.’'

183 2769 292 2866 Quae
308 2762 374 2838 ubi
397 2762 504 2851 dixit,
535 2782 631 2837 tanta
651 2764 753 2836 simul
774 2761 961 2838 admiratio
982 2761 1173 2838 miseratio-

65 2924 68 2929 >
189 2911 263 2983 que
279 2883 347 2959 viri
374 2883 508 2958 incessit
524 2909 661 2971 omnes,
687 2905 730 2957 ut
754 2885 866 2958 modo
888 2883 951 2958 vix
977 2884 1171 2974 crederent,

188 3003 294 3079 illurn
320 3005 489 3078 eumdem
515 3007 581 3077 effe
603 3005 663 3101 sp.
688 3003 929 3093 Postumium,
960 3003 1024 3104 qui
1052 3007 1174 3080 auslor

189 3147 263 3200 tam
293 3124 418 3200 foedae
460 3124 555 3222 pacis
586 3117 725 3199 fuisset}
753 3127 880 3224 'modo
913 3126 1170 3214 miserarentur,

189 3247 292 3345 quod
308 3245 363 3320 vir
379 3244 457 3320 talis
472 3244 579 3318 etiarn
593 3244 827 3342 praecipuum
853 3249 948 3344 apud
965 3247 1080 3320 hostes
1093 3245 1173 3344 sup-

190 3364 356 3464 plicium
370 3367 527 3464 passurus
559 3367 642 3439 effer
666 3367 715 3440 ob
746 3365 834 3439 iram
861 3365 1031 3442 diremtae
1059 3365 1172 3466 pacis.

189 3491 322 3587 Qrunr
347 3511 485 3573 omnes,
518 3485 685 3560 laudibus
709 3487 821 3560 modo
849 3486 1097 3586 prosequentes
1122 3487 1175 3564 vi-

191 3631 288 3693 rum,
315 3605 353 3679 in
376 3605 584 3680 sententiam
613 3606 688 3702 ejus
710 3606 864 3705 pedibus
895 3606 986 3683 irent
998 3641 1009 3696 ;
1044 3629 1176 3683 tentata

192 3725 381 3824 paullisper
395 3725 589 3801 interceffio
605 3726 655 3799 est
667 3728 712 3800 ab
728 3727 776 3799 L.
791 3725 901 3800 Livio
917 3733 950 3802 δι
965 3729 1190 3830 QMaelio,

193 3845 346 3922 tribunis
370 3845 502 3944 plebis:
543 3845 623 3944 qui,
654 3856 815 3945 “neque
845 3846 978 3923 exsolvi
1006 3849 1176 3951 religione

193 3977 220 4010 “
237 3968 452 4065 populum,''
479 3967 645 4066 agebant,
677 3967 904 4042 “deditione
925 3967 997 4059 sua,
1021 3969 1083 4046 nist
1100 3998 1177 4047 om·

193 4096 220 4133 ‘⁸
238 4087 299 4162 nia
312 4087 544 4178 Samnitibus,
568 4086 688 4187 qualia
705 4090 803 4187 apud
820 4089 1002 4168 Caudium
1020 4090 1175 4181 fuissent,
